%!TEX encoding = UTF-8 Unicode
% !TeX spellcheck = en_GB
@article{Zyla:2020zbs,
    author = "Zyla, P.A. and others",
    collaboration = "Particle Data Group",
    title = "{Review of Particle Physics}",
    doi = "10.1093/ptep/ptaa104",
    journal = "PTEP",
    volume = "2020",
    number = "8",
    pages = "083C01",
    year = "2020"
}
@article{Djouadi:2005gi,
    author = "Djouadi, Abdelhak",
    title = "{The Anatomy of electro-weak symmetry breaking. I: The Higgs boson in the standard model}",
    eprint = "hep-ph/0503172",
    archivePrefix = "arXiv",
    reportNumber = "LPT-ORSAY-05-17",
    doi = "10.1016/j.physrep.2007.10.004",
    journal = "Phys. Rept.",
    volume = "457",
    pages = "1--216",
    year = "2008"
} 
@article{CMS:2012qbp,
    author = "Chatrchyan, Serguei and others",
    collaboration = "CMS",
    title = "{Observation of a New Boson at a Mass of 125 GeV with the CMS Experiment at the LHC}",
    eprint = "1207.7235",
    archivePrefix = "arXiv",
    primaryClass = "hep-ex",
    reportNumber = "CMS-HIG-12-028, CERN-PH-EP-2012-220",
    doi = "10.1016/j.physletb.2012.08.021",
    journal = "Phys. Lett. B",
    volume = "716",
    pages = "30--61",
    year = "2012"
}
@article{ATLAS:2012yve,
    author = "Aad, Georges and others",
    collaboration = "ATLAS",
    title = "{Observation of a new particle in the search for the Standard Model Higgs boson with the ATLAS detector at the LHC}",
    eprint = "1207.7214",
    archivePrefix = "arXiv",
    primaryClass = "hep-ex",
    reportNumber = "CERN-PH-EP-2012-218",
    doi = "10.1016/j.physletb.2012.08.020",
    journal = "Phys. Lett. B",
    volume = "716",
    pages = "1--29",
    year = "2012"
}
@misc{Peskin91estimationof,
	author = {Michael E. Peskin and Tatsu Takeuchi},
	title = {Estimation of Oblique Electroweak Corrections},
	year = {1991}
}
@article{Dugan1985AnatomyOA,
	title={Anatomy of a composite Higgs model},
	author={Michael J. Dugan and Howard Georgi and David B. Kaplan},
	journal={Nuclear Physics},
	year={1985},
	volume={254},
	pages={299-326}
}
@article{Hill:2002ap,
	author = "Hill, Christopher T. and Simmons, Elizabeth H.",
	title = "{Strong Dynamics and Electroweak Symmetry Breaking}",
	eprint = "hep-ph/0203079",
	archivePrefix = "arXiv",
	reportNumber = "FERMILAB-PUB-02-045-T, BUHEP-01-09",
	doi = "10.1016/S0370-1573(03)00140-6",
	journal = "Phys. Rept.",
	volume = "381",
	pages = "235--402",
	year = "2003",
	note = "[Erratum: Phys.Rept. 390, 553--554 (2004)]"
}
@article{PhysRevLett.65.964,
	title = {New constraint on a strongly interacting Higgs sector},
	author = {Peskin, Michael E. and Takeuchi, Tatsu},
	journal = {Phys. Rev. Lett.},
	volume = {65},
	issue = {8},
	pages = {964--967},
	numpages = {0},
	year = {1990},
	month = {Aug},
	publisher = {American Physical Society},
	doi = {10.1103/PhysRevLett.65.964},
	url = {https://link.aps.org/doi/10.1103/PhysRevLett.65.964}
}
@article{ROSS1975135,
title = {Neutral currents and the Higgs mechanism},
journal = {Nuclear Physics B},
volume = {95},
number = {1},
pages = {135-147},
year = {1975},
issn = {0550-3213},
doi = {https://doi.org/10.1016/0550-3213(75)90485-X},
url = {https://www.sciencedirect.com/science/article/pii/055032137590485X},
author = {D.A. Ross and M. Veltman},
abstract = {The consequences of assuming (i) weak and e.m. forces constitute a gauge field theory, and (ii) there are no heavy leptons, are investigated. Relative to the Weinberg model, introduction of a general spontaneous symmetry breaking system leads to a theory with one extra free parameter, namely the neutral vector boson mass. Experimental consequences are indicated. A particular Higgs system containing two multiplets is studied in detail. It is noted that parameters may be chosen such that the cosmological constant is zero before as well as after spontaneous symmetry breakdown.}
}
@article{Cepeda:2019klc,
	author = "Cepeda, M. and others",
	editor = "Dainese, Andrea and Mangano, Michelangelo and Meyer, Andreas B. and Nisati, Aleandro and Salam, Gavin and Vesterinen, Mika Anton",
	title = "{Report from Working Group 2}: {Higgs Physics at the HL-LHC and HE-LHC}",
	eprint = "1902.00134",
	archivePrefix = "arXiv",
	primaryClass = "hep-ph",
	reportNumber = "CERN-LPCC-2018-04",
	doi = "10.23731/CYRM-2019-007.221",
	journal = "CERN Yellow Rep. Monogr.",
	volume = "7",
	pages = "221--584",
	year = "2019"
}
@article{Capozzi:2016rtj,
    author = "Capozzi, F. and Lisi, E. and Marrone, A. and Montanino, D. and Palazzo, A.",
    title = "{Neutrino masses and mixings: Status of known and unknown $3\nu$ parameters}",
    eprint = "1601.07777",
    archivePrefix = "arXiv",
    primaryClass = "hep-ph",
    doi = "10.1016/j.nuclphysb.2016.02.016",
    journal = "Nucl. Phys. B",
    volume = "908",
    pages = "218--234",
    year = "2016"
}
@article{PhysRevLett.10.531,
  title = {Unitary Symmetry and Leptonic Decays},
  author = {Cabibbo, Nicola},
  journal = {Phys. Rev. Lett.},
  volume = {10},
  issue = {12},
  pages = {531--533},
  numpages = {0},
  year = {1963},
  month = {Jun},
  publisher = {American Physical Society},
  doi = {10.1103/PhysRevLett.10.531},
  url = {https://link.aps.org/doi/10.1103/PhysRevLett.10.531}
}
@article{10.1143/PTP.49.652,
    author = {Kobayashi, Makoto and Maskawa, Toshihide},
    title = "{CP-Violation in the Renormalizable Theory of Weak Interaction}",
    journal = {Progress of Theoretical Physics},
    volume = {49},
    number = {2},
    pages = {652-657},
    year = {1973},
    month = {02},
    issn = {0033-068X},
    doi = {10.1143/PTP.49.652},
    url = {https://doi.org/10.1143/PTP.49.652},
    eprint = {https://academic.oup.com/ptp/article-pdf/49/2/652/5257692/49-2-652.pdf},
}
@book{minlos2000introduction,
  title={Introduction to mathematical statistical physics},
  author={Minlos, Robert Adol πfovich},
  number={19},
  year={2000},
  publisher={American Mathematical Soc.}
}

@article{osti_4008239,
title = {THE EIGHTFOLD WAY: A THEORY OF STRONG INTERACTION SYMMETRY},
author = {Gell-Mann, M},
doi = {10.2172/4008239},
url = {https://www.osti.gov/biblio/4008239}, 
place = {United States},
year = {1961},
month = {3}
}
@article{PhysRev.96.191,
  title = {Conservation of Isotopic Spin and Isotopic Gauge Invariance},
  author = {Yang, C. N. and Mills, R. L.},
  journal = {Phys. Rev.},
  volume = {96},
  issue = {1},
  pages = {191--195},
  numpages = {0},
  year = {1954},
  month = {Oct},
  publisher = {American Physical Society},
  doi = {10.1103/PhysRev.96.191},
  url = {https://link.aps.org/doi/10.1103/PhysRev.96.191}
}
@inproceedings{Freed1993LecturesOT,
  title={Lectures on Topological Quantum Field Theory},
  author={Daniel S. Freed},
  year={1993}
}
@article{dijkgraaf1990topological,
  title={Topological gauge theories and group cohomology},
  author={Dijkgraaf, Robbert and Witten, Edward},
  journal={Communications in Mathematical Physics},
  volume={129},
  number={2},
  pages={393--429},
  year={1990},
  publisher={Springer}
}

@article{salam1,
	Abstract = {A theory of strong as well as weak interactions is proposed using the idea of having only such interactions which arise from generalized gauge transformations.},
	Author = {Salam, A. and Ward, J. C.},
	Da = {1961/01/01},
	Date-Added = {2021-12-07 14:14:10 +0100},
	Date-Modified = {2021-12-07 14:14:10 +0100},
	Doi = {10.1007/BF02812723},
	Id = {Salam1961},
	Isbn = {1827-6121},
	Journal = {Il Nuovo Cimento (1955-1965)},
	Number = {1},
	Pages = {165--170},
	Title = {On a gauge theory of elementary interactions},
	Ty = {JOUR},
	Url = {https://doi.org/10.1007/BF02812723},
	Volume = {19},
	Year = {1961},
	Bdsk-Url-1 = {https://doi.org/10.1007/BF02812723}}


@article{salam2,
Author = {Salam, Abdus and Ward, J. C.},
Da = {1959/02/01},
Date-Added = {2021-12-07 14:17:17 +0100},
Date-Modified = {2021-12-07 14:17:17 +0100},
Doi = {10.1007/BF02726525},
Id = {Salam1959},
Isbn = {1827-6121},
Journal = {Il Nuovo Cimento (1955-1965)},
Number = {4},
Pages = {568--577},
Title = {Weak and electromagnetic interactions},
Ty = {JOUR},
Url = {https://doi.org/10.1007/BF02726525},
Volume = {11},
Year = {1959},
Bdsk-Url-1 = {https://doi.org/10.1007/BF02726525}}

@article{PhysRevLett.19.1264,
  title = {A Model of Leptons},
  author = {Weinberg, Steven},
  journal = {Phys. Rev. Lett.},
  volume = {19},
  issue = {21},
  pages = {1264--1266},
  numpages = {0},
  year = {1967},
  month = {Nov},
  publisher = {American Physical Society},
  doi = {10.1103/PhysRevLett.19.1264},
  url = {https://link.aps.org/doi/10.1103/PhysRevLett.19.1264}
}
@article{PhysRev.117.648,
  title = {Quasi-Particles and Gauge Invariance in the Theory of Superconductivity},
  author = {Nambu, Yoichiro},
  journal = {Phys. Rev.},
  volume = {117},
  issue = {3},
  pages = {648--663},
  numpages = {0},
  year = {1960},
  month = {Feb},
  publisher = {American Physical Society},
  doi = {10.1103/PhysRev.117.648},
  url = {https://link.aps.org/doi/10.1103/PhysRev.117.648}
}

@article{goldstone,
	Author = {Goldstone, J. },
	Journal = {Il Nuovo Cimento (1955-1965)},
	Number = {1},
	Pages = {154--164},
	Title = {Field theories with Superconductor solutions},
	Ty = {JOUR},
	Volume = {19},
	Year = {1961}
    }
@article{PhysRev.127.965,
  title = {Broken Symmetries},
  author = {Goldstone, Jeffrey and Salam, Abdus and Weinberg, Steven},
  journal = {Phys. Rev.},
  volume = {127},
  issue = {3},
  pages = {965--970},
  numpages = {0},
  year = {1962},
  month = {Aug},
  publisher = {American Physical Society},
  doi = {10.1103/PhysRev.127.965},
  url = {https://link.aps.org/doi/10.1103/PhysRev.127.965}
}
@article{PhysRev.130.439,
  title = {Plasmons, Gauge Invariance, and Mass},
  author = {Anderson, P. W.},
  journal = {Phys. Rev.},
  volume = {130},
  issue = {1},
  pages = {439--442},
  numpages = {0},
  year = {1963},
  month = {Apr},
  publisher = {American Physical Society},
  doi = {10.1103/PhysRev.130.439},
  url = {https://link.aps.org/doi/10.1103/PhysRev.130.439}
}
@article{PhysRevLett.13.321,
  title = {Broken Symmetry and the Mass of Gauge Vector Mesons},
  author = {Englert, F. and Brout, R.},
  journal = {Phys. Rev. Lett.},
  volume = {13},
  issue = {9},
  pages = {321--323},
  numpages = {0},
  year = {1964},
  month = {Aug},
  publisher = {American Physical Society},
  doi = {10.1103/PhysRevLett.13.321},
  url = {https://link.aps.org/doi/10.1103/PhysRevLett.13.321}
}
@article{PhysRevLett.13.508,
  title = {Broken Symmetries and the Masses of Gauge Bosons},
  author = {Higgs, Peter W.},
  journal = {Phys. Rev. Lett.},
  volume = {13},
  issue = {16},
  pages = {508--509},
  numpages = {0},
  year = {1964},
  month = {Oct},
  publisher = {American Physical Society},
  doi = {10.1103/PhysRevLett.13.508},
  url = {https://link.aps.org/doi/10.1103/PhysRevLett.13.508}
}
@article{PhysRevLett.13.585,
  title = {Global Conservation Laws and Massless Particles},
  author = {Guralnik, G. S. and Hagen, C. R. and Kibble, T. W. B.},
  journal = {Phys. Rev. Lett.},
  volume = {13},
  issue = {20},
  pages = {585--587},
  numpages = {0},
  year = {1964},
  month = {Nov},
  publisher = {American Physical Society},
  doi = {10.1103/PhysRevLett.13.585},
  url = {https://link.aps.org/doi/10.1103/PhysRevLett.13.585}
}
@book{schwartz2014quantum,
	title={Quantum Field Theory and the Standard Model},
	author={Schwartz, M.D.},
	isbn={9781107034730},
	lccn={2013016195},
	series={Quantum Field Theory and the Standard Model},
	url={https://books.google.nl/books?id=HbdEAgAAQBAJ},
	year={2014},
	publisher={Cambridge University Press}
}
@book{peskin1995introduction,
	title={An Introduction To Quantum Field Theory},
	author={Peskin, M.E. and Schroeder, D.V.},
	isbn={9780813345437},
	series={Frontiers in Physics},
	url={https://books.google.de/books?id=EVeNNcslvX0C},
	year={1995},
	publisher={Avalon Publishing}
}
@article{EINHORN1981146,
	title = {Heavy particles and the rho parameter in the standard model},
	journal = {Nuclear Physics B},
	volume = {191},
	number = {1},
	pages = {146-172},
	year = {1981},
	issn = {0550-3213},
	doi = {https://doi.org/10.1016/0550-3213(81)90292-3},
	url = {https://www.sciencedirect.com/science/article/pii/0550321381902923},
	author = {M.B. Einhorn and D.R.T. Jones and M. Veltman},
}
@article{Guralnik:2009jd,
    author = "Guralnik, Gerald S.",
    title = "{The History of the Guralnik, Hagen and Kibble development of the Theory of Spontaneous Symmetry Breaking and Gauge Particles}",
    eprint = "0907.3466",
    archivePrefix = "arXiv",
    primaryClass = "physics.hist-ph",
    reportNumber = "BROWN-HET-1555",
    doi = "10.1142/S0217751X09045431",
    journal = "Int. J. Mod. Phys. A",
    volume = "24",
    pages = "2601--2627",
    year = "2009"
}
@article{GOLDEN19913,
	title = {Radiative corrections to electroweak parameters in technicolor theories},
	journal = {Nuclear Physics B},
	volume = {361},
	number = {1},
	pages = {3-23},
	year = {1991},
	issn = {0550-3213},
	doi = {https://doi.org/10.1016/0550-3213(91)90614-4},
	url = {https://www.sciencedirect.com/science/article/pii/0550321391906144},
	author = {Mitchell Golden and Lisa Randall},
}
@article{HOLDOM199088,
	title = {Large corrections to electroweak parameters in technicolor theories},
	journal = {Physics Letters B},
	volume = {247},
	number = {1},
	pages = {88-92},
	year = {1990},
	issn = {0370-2693},
	doi = {https://doi.org/10.1016/0370-2693(90)91054-F},
	url = {https://www.sciencedirect.com/science/article/pii/037026939091054F},
	author = {B. Holdom and J. Terning},
}
@article{ALTARELLI19923,
	title = {Toward a model-independent analysis of electroweak data},
	journal = {Nuclear Physics B},
	volume = {369},
	number = {1},
	pages = {3-32},
	year = {1992},
	issn = {0550-3213},
	doi = {https://doi.org/10.1016/0550-3213(92)90376-M},
	url = {https://www.sciencedirect.com/science/article/pii/055032139290376M},
	author = {G. Altarelli and R. Barbieri and S. Jadach},
}
%%%%%% EWPO %%%%%%
@article{ALEPH:2005ab,
    author = "Schael, S. and others",
    collaboration = "ALEPH, DELPHI, L3, OPAL, SLD, LEP Electroweak Working Group, SLD Electroweak Group, SLD Heavy Flavour Group",
    title = "{Precision electroweak measurements on the $Z$ resonance}",
    eprint = "hep-ex/0509008",
    archivePrefix = "arXiv",
    reportNumber = "SLAC-R-774",
    doi = "10.1016/j.physrep.2005.12.006",
    journal = "Phys. Rept.",
    volume = "427",
    pages = "257--454",
    year = "2006"
}
@article{SLD:2000jop,
    author = "Abe, Koya and others",
    collaboration = "SLD",
    title = "{First direct measurement of the parity violating coupling of the Z0 to the s quark}",
    eprint = "hep-ex/0006019",
    archivePrefix = "arXiv",
    reportNumber = "SLAC-PUB-8408",
    doi = "10.1103/PhysRevLett.85.5059",
    journal = "Phys. Rev. Lett.",
    volume = "85",
    pages = "5059--5063",
    year = "2000"
}
@article{Group:2012gb,
    author = "Group, Tevatron Electroweak Working",
    collaboration = "CDF, D0",
    title = "{2012 Update of the Combination of CDF and D0 Results for the Mass of the W Boson}",
    eprint = "1204.0042",
    archivePrefix = "arXiv",
    primaryClass = "hep-ex",
    reportNumber = "FERMILAB-TM-2532-E",
    month = "4",
    year = "2012"
}
@article{ALEPH:2013dgf,
    author = "Schael, S. and others",
    collaboration = "ALEPH, DELPHI, L3, OPAL, LEP Electroweak",
    title = "{Electroweak Measurements in Electron-Positron Collisions at W-Boson-Pair Energies at LEP}",
    eprint = "1302.3415",
    archivePrefix = "arXiv",
    primaryClass = "hep-ex",
    reportNumber = "CERN-PH-EP-2013-022",
    doi = "10.1016/j.physrep.2013.07.004",
    journal = "Phys. Rept.",
    volume = "532",
    pages = "119--244",
    year = "2013"
}
@article{2011baz,
    author = "Abazov, V. M. and others",
    collaboration = "D\O",
    title = "{Measurement of $\sin^2\theta_{\mathrm{eff}}^{\ell}$ and $Z$-light quark couplings using the forward-backward charge asymmetry in $p\bar{p} \to Z/\gamma^{*} \to e^{+}e^{-}$ events with ${\cal L}=5.0$ fb$^{-1}$ at $\sqrt{s}=1.96$ TeV}",
    eprint = "1104.4590",
    archivePrefix = "arXiv",
    primaryClass = "hep-ex",
    reportNumber = "FERMILAB-PUB-11-190-E",
    doi = "10.1103/PhysRevD.84.012007",
    journal = "Phys. Rev. D",
    volume = "84",
    pages = "012007",
    year = "2011"
}
@article{CMS:2014mgj,
    author = "Khachatryan, Vardan and others",
    collaboration = "CMS",
    title = "{Measurement of the t-channel single-top-quark production cross section and of the $\mid V_{tb} \mid$ CKM matrix element in pp collisions at $\sqrt{s}$= 8 TeV}",
    eprint = "1403.7366",
    archivePrefix = "arXiv",
    primaryClass = "hep-ex",
    reportNumber = "CMS-TOP-12-038, CERN-PH-EP-2014-032",
    doi = "10.1007/JHEP06(2014)090",
    journal = "JHEP",
    volume = "06",
    pages = "090",
    year = "2014"
}
@article{ATLAS:2017rzl,
    author = "Aaboud, Morad and others",
    collaboration = "ATLAS",
    title = "{Measurement of the $W$-boson mass in pp collisions at $\sqrt{s}=7$ TeV with the ATLAS detector}",
    eprint = "1701.07240",
    archivePrefix = "arXiv",
    primaryClass = "hep-ex",
    reportNumber = "CERN-EP-2016-305",
    doi = "10.1140/epjc/s10052-017-5475-4",
    journal = "Eur. Phys. J. C",
    volume = "78",
    number = "2",
    pages = "110",
    year = "2018",
    note = "[Erratum: Eur.Phys.J.C 78, 898 (2018)]"
}
@article{PhysRevLett.69.575,
	title = {Nonoblique effects in the Zbb\ifmmode\bar\else\textasciimacron\fi{} vertex from extended technicolor dynamics},
	author = {Chivukula, R. Sekhar and Selipsky, Stephen B. and Simmons, Elizabeth H.},
	journal = {Phys. Rev. Lett.},
	volume = {69},
	issue = {4},
	pages = {575--577},
	numpages = {0},
	year = {1992},
	month = {Jul},
	publisher = {American Physical Society},
	doi = {10.1103/PhysRevLett.69.575},
	url = {https://link.aps.org/doi/10.1103/PhysRevLett.69.575}
}
@article{Simmons:1995df,
	author = "Simmons, Elizabeth H. and Chivukula, R. S. and Terning, J.",
	editor = "Bando, M. and Inoue, K. and Kugo, T.",
	title = "{Testing extended technicolor with R(b)}",
	eprint = "hep-ph/9509392",
	archivePrefix = "arXiv",
	reportNumber = "BU-HEP-95-27",
	doi = "10.1143/PTPS.123.87",
	journal = "Prog. Theor. Phys. Suppl.",
	volume = "123",
	pages = "87--96",
	year = "1996"
}
@article{            	,
	title = {Breaking of isospin symmetry in theories with a dynamical Higgs mechanism},
	author = {Appelquist, Thomas and Bowick, Mark J. and Cohler, Eugene and Hauser, Avi I.},
	journal = {Phys. Rev. D},
	volume = {31},
	issue = {7},
	pages = {1676--1684},
	numpages = {0},
	year = {1985},
	month = {Apr},
	publisher = {American Physical Society},
	doi = {10.1103/PhysRevD.31.1676},
	url = {https://link.aps.org/doi/10.1103/PhysRevD.31.1676}
}
%%%%%%%Tools%%%%%%%%%%
@article{Patel:2015tea,
    author = "Patel, Hiren",
    title = "{Package-X: A Mathematica package for the analytic calculation of one-loop integrals}",
    eprint = "1503.01469",
    archivePrefix = "arXiv",
    primaryClass = "hep-ph",
    doi = "10.1016/j.cpc.2015.08.017",
    journal = "Comput. Phys. Commun.",
    volume = "197",
    pages = "276--290",
    year = "2015"
}
@article{Smirnov:2008iw,
    author = "Smirnov, A.V.",
    title = "{Algorithm FIRE -- Feynman Integral REduction}",
    eprint = "0807.3243",
    archivePrefix = "arXiv",
    primaryClass = "hep-ph",
    reportNumber = "TTP08-30, SFB-CPP-08-51",
    doi = "10.1088/1126-6708/2008/10/107",
    journal = "JHEP",
    volume = "10",
    pages = "107",
    year = "2008"
}
@article{Maierhoefer:2017hyi,
    author = "Maierh{\"o}fer, Philipp and Usovitsch, Johann and Uwer, Peter",
    title = "{Kira---A Feynman integral reduction program}",
    eprint = "1705.05610",
    archivePrefix = "arXiv",
    primaryClass = "hep-ph",
    doi = "10.1016/j.cpc.2018.04.012",
    journal = "Comput. Phys. Commun.",
    volume = "230",
    pages = "99--112",
    year = "2018"
}
@article{Hahn:2000kx,
    author = "Hahn, Thomas",
    title = "{Generating Feynman diagrams and amplitudes with FeynArts 3}",
    eprint = "hep-ph/0012260",
    archivePrefix = "arXiv",
    reportNumber = "KA-TP-23-2000",
    doi = "10.1016/S0010-4655(01)00290-9",
    journal = "Comput. Phys. Commun.",
    volume = "140",
    pages = "418--431",
    year = "2001"
}
@article{Alloul:2013bka,
    author = "Alloul, Adam and Christensen, Neil D. and Degrande, C√àline and Duhr, Claude and Fuks, Benjamin",
    title = "{FeynRules  2.0 - A complete toolbox for tree-level phenomenology}",
    eprint = "1310.1921",
    archivePrefix = "arXiv",
    primaryClass = "hep-ph",
    reportNumber = "CERN-PH-TH-2013-239, MCNET-13-14, IPPP-13-71, DCPT-13-142, PITT-PACC-1308",
    doi = "10.1016/j.cpc.2014.04.012",
    journal = "Comput. Phys. Commun.",
    volume = "185",
    pages = "2250--2300",
    year = "2014"
}
@article{Dedes:2017zog,
    author = "Dedes, A. and Materkowska, W. and Paraskevas, M. and Rosiek, J. and Suxho, K.",
    title = "{Feynman rules for the Standard Model Effective Field Theory in $R_{\xi}$ -gauges}",
    eprint = "1704.03888",
    archivePrefix = "arXiv",
    primaryClass = "hep-ph",
    doi = "10.1007/JHEP06(2017)143",
    journal = "JHEP",
    volume = "06",
    pages = "143",
    year = "2017"
}
@article{Dawson:2018pyl,
    author = "Dawson, Sally and Giardino, Pier Paolo",
    title = "{Higgs decays to $ZZ$ and $Z\gamma$ in the standard model effective field theory: An NLO analysis}",
    eprint = "1801.01136",
    archivePrefix = "arXiv",
    primaryClass = "hep-ph",
    doi = "10.1103/PhysRevD.97.093003",
    journal = "Phys. Rev. D",
    volume = "97",
    number = "9",
    pages = "093003",
    year = "2018"
}
@article{Gauld:2015lmb,
    author = "Gauld, Rhorry and Pecjak, Benjamin D. and Scott, Darren J.",
    title = "{One-loop corrections to $h\to b\bar b$ and $h\to \tau\bar \tau$ decays in the Standard Model Dimension-6 EFT: four-fermion operators and the large-$m_t$ limit}",
    eprint = "1512.02508",
    archivePrefix = "arXiv",
    primaryClass = "hep-ph",
    reportNumber = "DCPT-15-34, IPPP-15-17",
    doi = "10.1007/JHEP05(2016)080",
    journal = "JHEP",
    volume = "05",
    pages = "080",
    year = "2016"
}
@article{Grzadkowski:2010es,
    author = "Grzadkowski, B. and Iskrzynski, M. and Misiak, M. and Rosiek, J.",
    title = "{Dimension-Six Terms in the Standard Model Lagrangian}",
    eprint = "1008.4884",
    archivePrefix = "arXiv",
    primaryClass = "hep-ph",
    reportNumber = "IFT-9-2010, TTP10-35",
    doi = "10.1007/JHEP10(2010)085",
    journal = "JHEP",
    volume = "10",
    pages = "085",
    year = "2010"
}
@article{Aad:2019mbh,
    author = "Aad, Georges and others",
    collaboration = "ATLAS",
    title = "{Combined measurements of Higgs boson production and decay using up to $80$ fb$^{-1}$ of proton-proton collision data at $\sqrt{s}=$ 13 TeV collected with the ATLAS experiment}",
    eprint = "1909.02845",
    archivePrefix = "arXiv",
    primaryClass = "hep-ex",
    reportNumber = "CERN-EP-2019-097",
    doi = "10.1103/PhysRevD.101.012002",
    journal = "Phys. Rev. D",
    volume = "101",
    number = "1",
    pages = "012002",
    year = "2020"
}
@article{Sirunyan:2018koj,
    author = "Sirunyan, Albert M and others",
    collaboration = "CMS",
    title = "{Combined measurements of Higgs boson couplings in proton\textendash{}proton collisions at $\sqrt{s}=13\,\text {Te}\text {V} $}",
    eprint = "1809.10733",
    archivePrefix = "arXiv",
    primaryClass = "hep-ex",
    reportNumber = "CMS-HIG-17-031, CERN-EP-2018-263",
    doi = "10.1140/epjc/s10052-019-6909-y",
    journal = "Eur. Phys. J. C",
    volume = "79",
    number = "5",
    pages = "421",
    year = "2019"
}
@article{Hartland:2019bjb,
    author = "Hartland, Nathan P. and Maltoni, Fabio and Nocera, Emanuele R. and Rojo, Juan and Slade, Emma and Vryonidou, Eleni and Zhang, Cen",
    title = "{A Monte Carlo global analysis of the Standard Model Effective Field Theory: the top quark sector}",
    eprint = "1901.05965",
    archivePrefix = "arXiv",
    primaryClass = "hep-ph",
    reportNumber = "OUTP-18-07P, Nikhef-2018-058, CP3-19-02, CERN-TH-2018-274",
    doi = "10.1007/JHEP04(2019)100",
    journal = "JHEP",
    volume = "04",
    pages = "100",
    year = "2019"
}
@article{Banelli:2020iau,
    author = "Banelli, Giovanni and Salvioni, Ennio and Serra, Javi and Theil, Tobias and Weiler, Andreas",
    title = "{The Present and Future of Four Top Operators}",
    eprint = "2010.05915",
    archivePrefix = "arXiv",
    primaryClass = "hep-ph",
    reportNumber = "TUM-HEP-1286-20, CERN-TH-2020-166",
    doi = "10.1007/JHEP02(2021)043",
    journal = "JHEP",
    volume = "02",
    pages = "043",
    year = "2021"
}
@article{DHondt:2018cww,
    author = "D'Hondt, Jorgen and Mariotti, Alberto and Mimasu, Ken and Moortgat, Seth and Zhang, Cen",
    title = "{Learning to pinpoint effective operators at the LHC: a study of the $ \mathrm{t}\overline{\mathrm{t}}\mathrm{b}\overline{\mathrm{b}} $ signature}",
    eprint = "1807.02130",
    archivePrefix = "arXiv",
    primaryClass = "hep-ph",
    reportNumber = "CP3-18-42",
    doi = "10.1007/JHEP11(2018)131",
    journal = "JHEP",
    volume = "11",
    pages = "131",
    year = "2018"
}
@article{deBlas:2015aea,
    author = "de Blas, Jorge and Chala, Mikael and Santiago, Jose",
    title = "{Renormalization Group Constraints on New Top Interactions from Electroweak Precision Data}",
    eprint = "1507.00757",
    archivePrefix = "arXiv",
    primaryClass = "hep-ph",
    reportNumber = "DESY-15-110",
    doi = "10.1007/JHEP09(2015)189",
    journal = "JHEP",
    volume = "09",
    pages = "189",
    year = "2015"
}
@article{Zhang:2017mls,
    author = "Zhang, Cen",
    title = "{Constraining $qqtt$ operators from four-top production: a case for enhanced EFT sensitivity}",
    eprint = "1708.05928",
    archivePrefix = "arXiv",
    primaryClass = "hep-ph",
    doi = "10.1088/1674-1137/42/2/023104",
    journal = "Chin. Phys. C",
    volume = "42",
    number = "2",
    pages = "023104",
    year = "2018"
}
@article{Ellis:2020unq,
    author = "Ellis, John and Madigan, Maeve and Mimasu, Ken and Sanz, Veronica and You, Tevong",
    title = "{Top, Higgs, Diboson and Electroweak Fit to the Standard Model Effective Field Theory}",
    eprint = "2012.02779",
    archivePrefix = "arXiv",
    primaryClass = "hep-ph",
    reportNumber = "KCL-PH-TH/2020-73, CERN-TH-2020-202",
    doi = "10.1007/JHEP04(2021)279",
    journal = "JHEP",
    volume = "04",
    pages = "279",
    year = "2021"
}
@article{Sirunyan:2019nxl,
    author = "Sirunyan, Albert M and others",
    collaboration = "CMS",
    title = "{Search for the production of four top quarks in the single-lepton and opposite-sign dilepton final states in proton-proton collisions at $ \sqrt{s} $ = 13 TeV}",
    eprint = "1906.02805",
    archivePrefix = "arXiv",
    primaryClass = "hep-ex",
    reportNumber = "CERN-EP-2019-098",
    doi = "10.1007/JHEP11(2019)082",
    journal = "JHEP",
    volume = "11",
    pages = "082",
    year = "2019"
}
@article{Aad:2020klt,
    author = "Aad, Georges and others",
    collaboration = "ATLAS",
    title = "{Evidence for $t\bar{t}t\bar{t}$ production in the multilepton final state in proton\textendash{}proton collisions at $\sqrt{s}=13$ $\text {TeV}$ with the ATLAS detector}",
    eprint = "2007.14858",
    archivePrefix = "arXiv",
    primaryClass = "hep-ex",
    reportNumber = "CERN-EP-2020-111",
    doi = "10.1140/epjc/s10052-020-08509-3",
    journal = "Eur. Phys. J. C",
    volume = "80",
    number = "11",
    pages = "1085",
    year = "2020"
}
@article{Frederix:2017wme,
    author = "Frederix, Rikkert and Pagani, Davide and Zaro, Marco",
    title = "{Large NLO corrections in $t\bar{t}W^{\pm}$ and $t\bar{t}t\bar{t}$ hadroproduction from supposedly subleading EW contributions}",
    eprint = "1711.02116",
    archivePrefix = "arXiv",
    primaryClass = "hep-ph",
    doi = "10.1007/JHEP02(2018)031",
    journal = "JHEP",
    volume = "02",
    pages = "031",
    year = "2018"
}
@article{Sirunyan:2020kgar,
    author = "Sirunyan, Albert M and others",
    collaboration = "CMS",
    title = "{Measurement of the cross section for $\text{t}\bar{\text{t}}$ production with additional jets and b jets in pp collisions at $\sqrt{s}=$ 13 TeV}",
    eprint = "2003.06467",
    archivePrefix = "arXiv",
    primaryClass = "hep-ex",
    reportNumber = "CMS-TOP-18-002, CERN-EP-2020-011",
    doi = "10.1007/JHEP07(2020)125",
    journal = "JHEP",
    volume = "07",
    pages = "125",
    year = "2020"
}
@article{McCullough:2013rea,
    author = "McCullough, Matthew",
    title = "{An Indirect Model-Dependent Probe of the Higgs Self-Coupling}",
    eprint = "1312.3322",
    archivePrefix = "arXiv",
    primaryClass = "hep-ph",
    reportNumber = "MIT-CTP-4521",
    doi = "10.1103/PhysRevD.90.015001",
    journal = "Phys. Rev. D",
    volume = "90",
    number = "1",
    pages = "015001",
    year = "2014",
    note = "[Erratum: Phys.Rev.D 92, 039903 (2015)]"
}
@article{Gorbahn:2016uoy,
    author = "Gorbahn, Martin and Haisch, Ulrich",
    title = "{Indirect probes of the trilinear Higgs coupling: $gg \to h$ and $h \to \gamma \gamma$}",
    eprint = "1607.03773",
    archivePrefix = "arXiv",
    primaryClass = "hep-ph",
    reportNumber = "LTH-1092, CERN-TH-2016-161",
    doi = "10.1007/JHEP10(2016)094",
    journal = "JHEP",
    volume = "10",
    pages = "094",
    year = "2016"
}
@article{Bizon:2016wgr,
    author = "Bizon, Wojciech and Gorbahn, Martin and Haisch, Ulrich and Zanderighi, Giulia",
    title = "{Constraints on the trilinear Higgs coupling from vector boson fusion and associated Higgs production at the LHC}",
    eprint = "1610.05771",
    archivePrefix = "arXiv",
    primaryClass = "hep-ph",
    reportNumber = "CERN-TH-2016-215, LTH-1104, OUTP-16-23P",
    doi = "10.1007/JHEP07(2017)083",
    journal = "JHEP",
    volume = "07",
    pages = "083",
    year = "2017"
}
@article{Degrassi:2016wml,
    author = "Degrassi, Giuseppe and Giardino, Pier Paolo and Maltoni, Fabio and Pagani, Davide",
    title = "{Probing the Higgs self coupling via single Higgs production at the LHC}",
    eprint = "1607.04251",
    archivePrefix = "arXiv",
    primaryClass = "hep-ph",
    reportNumber = "CP3-16-38, RM3-TH-16-8",
    doi = "10.1007/JHEP12(2016)080",
    journal = "JHEP",
    volume = "12",
    pages = "080",
    year = "2016"
}
@article{Degrassi:2021uik,
    author = "Degrassi, Giuseppe and Di Micco, Biagio and Giardino, Pier Paolo and Rossi, Eleonora",
    title = "{Higgs boson self-coupling constraints from single Higgs, double Higgs and Electroweak measurements}",
    eprint = "2102.07651",
    archivePrefix = "arXiv",
    primaryClass = "hep-ph",
    doi = "10.1016/j.physletb.2021.136307",
    journal = "Phys. Lett. B",
    volume = "817",
    pages = "136307",
    year = "2021"
}
@article{Degrassi:2019yix,
    author = "Degrassi, G. and Vitti, M.",
    title = "{The effect of an anomalous Higgs trilinear self-coupling on the $h \rightarrow \gamma \, Z$ decay}",
    eprint = "1912.06429",
    archivePrefix = "arXiv",
    primaryClass = "hep-ph",
    doi = "10.1140/epjc/s10052-020-7860-7",
    journal = "Eur. Phys. J. C",
    volume = "80",
    number = "4",
    pages = "307",
    year = "2020"
}
@article{Maltoni:2017ims,
    author = "Maltoni, Fabio and Pagani, Davide and Shivaji, Ambresh and Zhao, Xiaoran",
    title = "{Trilinear Higgs coupling determination via single-Higgs differential measurements at the LHC}",
    eprint = "1709.08649",
    archivePrefix = "arXiv",
    primaryClass = "hep-ph",
    reportNumber = "CP3-17-37, TUM-HEP-1099-17, MCNET-17-18",
    doi = "10.1140/epjc/s10052-017-5410-8",
    journal = "Eur. Phys. J. C",
    volume = "77",
    number = "12",
    pages = "887",
    year = "2017"
}
@article{DiVita:2017eyz,
    author = "Di Vita, Stefano and Grojean, Christophe and Panico, Giuliano and Riembau, Marc and Vantalon, Thibaud",
    title = "{A global view on the Higgs self-coupling}",
    eprint = "1704.01953",
    archivePrefix = "arXiv",
    primaryClass = "hep-ph",
    reportNumber = "DESY-17-044",
    doi = "10.1007/JHEP09(2017)069",
    journal = "JHEP",
    volume = "09",
    pages = "069",
    year = "2017"
}
@techreport{ATLAS:2018gug,
    collaboration = "ATLAS",
    title = "{Measurements of fiducial and differential cross-sections of $t\bar{t}$ production with additional heavy-flavour jets in proton-proton collisions at $\sqrt{s} = 13$ TeV with the ATLAS detector}",
    reportNumber = "ATLAS-CONF-2018-029",
    number = "ATLAS-CONF-2018-029",
    year = "2018"
}
@techreport{ATLAS:2019pbo,
    collaboration = "ATLAS",
    title = "{Constraints on the Higgs boson self-coupling from the combination of single-Higgs and double-Higgs production analyses performed with the ATLAS experiment}",
    reportNumber = "ATLAS-CONF-2019-049",
   number = "ATLAS-CONF-2019-049",
    year = "2019"
}
@techreport{CMS:2018rig,
    collaboration = "CMS",
    title = "{Constraints on the Higgs boson self-coupling from ttH+tH, H to gamma gamma differential measurements at the HL-LHC}",
    number = "CMS-PAS-FTR-18-020",
    reportNumber = "CMS-PAS-FTR-18-020",
    year = "2018"
}
@article{Degrande:2020evl,
    author = "Degrande, C\'eline and Durieux, Gauthier and Maltoni, Fabio and Mimasu, Ken and Vryonidou, Eleni and Zhang, Cen",
    title = "{Automated one-loop computations in the standard model effective field theory}",
    eprint = "2008.11743",
    archivePrefix = "arXiv",
    primaryClass = "hep-ph",
    reportNumber = "CERN-TH-2020-140, CP3-20-42",
    doi = "10.1103/PhysRevD.103.096024",
    journal = "Phys. Rev. D",
    volume = "103",
    number = "9",
    pages = "096024",
    year = "2021"
}
@article{Alwall:2014hca,
    author = "Alwall, J. and Frederix, R. and Frixione, S. and Hirschi, V. and Maltoni, F. and Mattelaer, O. and Shao, H. -S. and Stelzer, T. and Torrielli, P. and Zaro, M.",
    title = "{The automated computation of tree-level and next-to-leading order differential cross sections, and their matching to parton shower simulations}",
    eprint = "1405.0301",
    archivePrefix = "arXiv",
    primaryClass = "hep-ph",
    reportNumber = "CERN-PH-TH-2014-064, CP3-14-18, LPN14-066, MCNET-14-09, ZU-TH-14-14",
    doi = "10.1007/JHEP07(2014)079",
    journal = "JHEP",
    volume = "07",
    pages = "079",
    year = "2014"
}
@article{Ethier:2021bye,
    author = "Ethier, Jacob J. and Magni, Giacomo and Maltoni, Fabio and Mantani, Luca and Nocera, Emanuele R. and Rojo, Juan and Slade, Emma and Vryonidou, Eleni and Zhang, Cen",
    collaboration = "SMEFiT",
    title = "{Combined SMEFT interpretation of Higgs, diboson, and top quark data from the LHC}",
    eprint = "2105.00006",
    archivePrefix = "arXiv",
    primaryClass = "hep-ph",
    reportNumber = "OUTP-20-05P, Nikhef-2020-020, CP3-21-12, MCNET-21-07,
  MAN/HEP/2021/004",
    doi = "10.1007/JHEP11(2021)089",
    journal = "JHEP",
    volume = "11",
    pages = "089",
    year = "2021"
}

% EFT dictionary

@article{deBlas:2017xtg,
    author = "de Blas, J. and Criado, J. C. and Perez-Victoria, M. and Santiago, J.",
    title = "{Effective description of general extensions of the Standard Model: the complete tree-level dictionary}",
    eprint = "1711.10391",
    archivePrefix = "arXiv",
    primaryClass = "hep-ph",
    reportNumber = "CERN-TH-2017-251",
    doi = "10.1007/JHEP03(2018)109",
    journal = "JHEP",
    volume = "03",
    pages = "109",
    year = "2018"
}

@article{Anisha:2021hgc,
    author = {Anisha and Bakshi, Supratim Das and Banerjee, Shankha and Biek\"otter, Anke and Chakrabortty, Joydeep and Patra, Sunando Kumar and Spannowsky, Michael},
    title = "{Effective limits on single scalar extensions in the light of recent LHC data}",
    eprint = "2111.05876",
    archivePrefix = "arXiv",
    primaryClass = "hep-ph",
    reportNumber = "CERN-TH-2021-190, IPPP/21/48",
    month = "11",
    year = "2021"
}

% ayan's paper
@article{Grojean:2020ech,
    author = "Grojean, Christophe and Paul, Ayan and Qian, Zhuoni",
    title = "{Resurrecting $ b\overline{b}h $ with kinematic shapes}",
    eprint = "2011.13945",
    archivePrefix = "arXiv",
    primaryClass = "hep-ph",
    reportNumber = "DESY-20-175, HU-EP-20/28",
    doi = "10.1007/JHEP04(2021)139",
    journal = "JHEP",
    volume = "04",
    pages = "139",
    year = "2021"
}

% Experiment
@techreport{ATLAS:2020qdt,
	collaboration = "ATLAS",
	title = "{A combination of measurements of Higgs boson production and decay using up to $139$ fb$^{-1}$ of proton--proton collision data at $\sqrt{s}=$ 13 TeV collected with the ATLAS experiment}",
	reportNumber = "ATLAS-CONF-2020-027",
	number = "ATLAS-CONF-2020-027",
	year = "2020"
}
@article{CMS:2021kom,
	author = "Sirunyan, Albert M and others",
	collaboration = "CMS",
	title = "{Measurements of Higgs boson production cross sections and couplings in the diphoton decay channel at $ \sqrt{\mathrm{s}} $ = 13 TeV}",
	eprint = "2103.06956",
	archivePrefix = "arXiv",
	primaryClass = "hep-ex",
	reportNumber = "CMS-HIG-19-015, CERN-EP-2021-038",
	doi = "10.1007/JHEP07(2021)027",
	journal = "JHEP",
	volume = "07",
	pages = "027",
	year = "2021"
}
@techreport{CMS:2021ixs,
	collaboration = "CMS",
	title = "{Measurement of Higgs boson production in association with a W or Z boson in the H $\rightarrow$ WW decay channel}",
	reportNumber = "CMS-PAS-HIG-19-017",
	number = "CMS-PAS-HIG-19-017",
	year = "2021"
}
@techreport{CMS:2020iwy,
	collaboration = "CMS",
	title = "{Higgs boson production in association with top quarks in final states with electrons, muons, and hadronically decaying tau leptons at $\sqrt{s} = 13~\mathrm{TeV}$}",
	reportNumber = "CMS-PAS-HIG-19-008",
	number = "CMS-PAS-HIG-19-008",
	year = "2020"
}
@techreport{CMS:2020gsy,
	collaboration = "CMS",
	title = "{Combined Higgs boson production and decay measurements with up to 137 fb-1 of proton-proton collision data at sqrts = 13 TeV}",
	reportNumber = "CMS-PAS-HIG-19-005",
	number = "CMS-PAS-HIG-19-005",
	year = "2020"
}
@article{Brivio:2019ius,
	author = "Brivio, Ilaria and Bruggisser, Sebastian and Maltoni, Fabio and Moutafis, Rhea and Plehn, Tilman and Vryonidou, Eleni and Westhoff, Susanne and Zhang, C.",
	title = "{O new physics, where art thou? A global search in the top sector}",
	eprint = "1910.03606",
	archivePrefix = "arXiv",
	primaryClass = "hep-ph",
	reportNumber = "P3H-19-036, CERN-TH-2019-193",
	doi = "10.1007/JHEP02(2020)131",
	journal = "JHEP",
	volume = "02",
	pages = "131",
	year = "2020"
}
@article{Salvatier2016,
	doi = {10.7717/peerj-cs.55},
	url = {https://doi.org/10.7717/peerj-cs.55},
	year  = {2016},
	month = {apr},
	publisher = {{PeerJ}},
	volume = {2},
	pages = {e55},
	author = {John Salvatier and Thomas V. Wiecki and Christopher Fonnesbeck},
	title = {Probabilistic programming in Python using {PyMC}3},
	journal = {{PeerJ} Computer Science}
}
@article{arviz_2019,
	doi = {10.21105/joss.01143},
	url = {https://doi.org/10.21105/joss.01143},
	year = {2019},
	publisher = {The Open Journal},
	volume = {4},
	number = {33},
	pages = {1143},
	author = {Ravin Kumar and Colin Carroll and Ari Hartikainen and Osvaldo Martin},
	title = {ArviZ a unified library for exploratory analysis of Bayesian models in Python},
	journal = {Journal of Open Source Software}
}
@article{iminuit,
	author={Hans Dembinski and Piti Ongmongkolkul et al.},
	title={scikit-hep/iminuit},
	DOI={10.5281/zenodo.3949207},
	publisher={Zenodo},
	year={2020},
	month={Dec},
	url={https://doi.org/10.5281/zenodo.3949207}
}
@article{James:1975dr,
	author = "James, F. and Roos, M.",
	title = "{Minuit: A System for Function Minimization and Analysis of the Parameter Errors and Correlations}",
	reportNumber = "CERN-DD-75-20",
	doi = "10.1016/0010-4655(75)90039-9",
	journal = "Comput. Phys. Commun.",
	volume = "10",
	pages = "343--367",
	year = "1975"
}
@techreport{ATLAS:2021jki,
	collaboration = "ATLAS",
	title = "{Search for Higgs boson pair production in the two bottom quarks plus two photons final state in $pp$ collisions at $\sqrt{s}=13$ TeV with the ATLAS detector}",
	reportNumber = "ATLAS-CONF-2021-016",
	number = "ATLAS-CONF-2021-016",
	year = "2021"
}
@article{DiLuzio:2017tfn,
	author = {Di Luzio, Luca and Gr\"ober, Ramona and Spannowsky, Michael},
	title = "{Maxi-sizing the trilinear Higgs self-coupling: how large could it be?}",
	eprint = "1704.02311",
	archivePrefix = "arXiv",
	primaryClass = "hep-ph",
	reportNumber = "IPPP-17-26",
	doi = "10.1140/epjc/s10052-017-5361-0",
	journal = "Eur. Phys. J. C",
	volume = "77",
	number = "11",
	pages = "788",
	year = "2017"
}
@article{Ossola:2008xq,
	author = "Ossola, Giovanni and Papadopoulos, Costas G. and Pittau, Roberto",
	title = "{On the Rational Terms of the one-loop amplitudes}",
	eprint = "0802.1876",
	archivePrefix = "arXiv",
	primaryClass = "hep-ph",
	doi = "10.1088/1126-6708/2008/05/004",
	journal = "JHEP",
	volume = "05",
	pages = "004",
	year = "2008"
}
@article{Ossola:2007ax,
	author = "Ossola, Giovanni and Papadopoulos, Costas G. and Pittau, Roberto",
	title = "{CutTools: A Program implementing the OPP reduction method to compute one-loop amplitudes}",
	eprint = "0711.3596",
	archivePrefix = "arXiv",
	primaryClass = "hep-ph",
	doi = "10.1088/1126-6708/2008/03/042",
	journal = "JHEP",
	volume = "03",
	pages = "042",
	year = "2008"
}
%%Plotting
@article{Bocquet2016,
	doi = {10.21105/joss.00046},
	url = {http://dx.doi.org/10.21105/joss.00046},
	year  = {2016},
	month = {oct},
	publisher = {The Open Journal},
	volume = {1},
	number = {6},
	author = {Sebastian Bocquet and Faustin W. Carter},
	title = {pygtc: beautiful parameter covariance plots (aka. Giant Triangle Confusograms)},
	journal = {The Journal of Open Source Software}
}
    @article{corner,
	doi = {10.21105/joss.00024},
	url = {https://doi.org/10.21105/joss.00024},
	year  = {2016},
	month = {jun},
	publisher = {The Open Journal},
	volume = {1},
	number = {2},
	pages = {24},
	author = {Daniel Foreman-Mackey},
	title = {corner.py: Scatterplot matrices in Python},
	journal = {The Journal of Open Source Software}
}
@software{paul_zivich_2019_3339870,
	author       = {Paul Zivich},
	title        = {{pzivich/Python-for-Epidemiologists: Updates for 
	v0.8.0}},
	month        = jul,
	year         = 2019,
	publisher    = {Zenodo},
	version      = {v0.8.0},
	doi          = {10.5281/zenodo.3339870},
	url          = {https://doi.org/10.5281/zenodo.3339870}
}
@article{Ossola:2006us,
	author = "Ossola, Giovanni and Papadopoulos, Costas G. and Pittau, Roberto",
	title = "{Reducing full one-loop amplitudes to scalar integrals at the integrand level}",
	eprint = "hep-ph/0609007",
	archivePrefix = "arXiv",
	doi = "10.1016/j.nuclphysb.2006.11.012",
	journal = "Nucl. Phys. B",
	volume = "763",
	pages = "147--169",
	year = "2007"
}
@article{Jenkins:2013zja,
    author = "Jenkins, Elizabeth E. and Manohar, Aneesh V. and Trott, Michael",
    title = "{Renormalization Group Evolution of the Standard Model Dimension Six Operators I: Formalism and lambda Dependence}",
    eprint = "1308.2627",
    archivePrefix = "arXiv",
    primaryClass = "hep-ph",
    doi = "10.1007/JHEP10(2013)087",
    journal = "JHEP",
    volume = "10",
    pages = "087",
    year = "2013"
}
@article{Jenkins:2013wua,
    author = "Jenkins, Elizabeth E. and Manohar, Aneesh V. and Trott, Michael",
    title = "{Renormalization Group Evolution of the Standard Model Dimension Six Operators II: Yukawa Dependence}",
    eprint = "1310.4838",
    archivePrefix = "arXiv",
    primaryClass = "hep-ph",
    reportNumber = "CERN-PH-TH/2015-247",
    doi = "10.1007/JHEP01(2014)035",
    journal = "JHEP",
    volume = "01",
    pages = "035",
    year = "2014"
}
@article{Alonso:2013hga,
    author = "Alonso, Rodrigo and Jenkins, Elizabeth E. and Manohar, Aneesh V. and Trott, Michael",
    title = "{Renormalization Group Evolution of the Standard Model Dimension Six Operators III: Gauge Coupling Dependence and Phenomenology}",
    eprint = "1312.2014",
    archivePrefix = "arXiv",
    primaryClass = "hep-ph",
    reportNumber = "CERN-PH-TH-2013-305, CERN-PH-TH/2013-305",
    doi = "10.1007/JHEP04(2014)159",
    journal = "JHEP",
    volume = "04",
    pages = "159",
    year = "2014"
}
@article{Ball:2012cx,
    author = "Ball, Richard D. and others",
    title = "{Parton distributions with LHC data}",
    eprint = "1207.1303",
    archivePrefix = "arXiv",
    primaryClass = "hep-ph",
    reportNumber = "EDINBURGH-2012-08, IFUM-FT-997, FR-PHENO-2012-014, RWTH-TTK-12-25, CERN-PH-TH-2012-037, SFB-CPP-12-47",
    doi = "10.1016/j.nuclphysb.2012.10.003",
    journal = "Nucl. Phys. B",
    volume = "867",
    pages = "244--289",
    year = "2013"
}
@techreport{CMS-PAS-FTR-18-011,
	title         = "{Sensitivity projections for Higgs boson properties
	measurements at the HL-LHC}",
	institution   = "CERN",
	collaboration = "CMS Collaboration",
	address       = "Geneva",
	reportNumber  = "CMS-PAS-FTR-18-011",
	year          = "2018",
	url           = "https://cds.cern.ch/record/2647699",
}
@article{Aguilar-Saavedra:2018ksv,
	author = "Barducci, D. and others",
	editor = "Aguilar-Saavedra, Juan Antonio and Degrande, C. and Durieux, G. and Maltoni, F. and Vryonidou, E. and Zhang, C.",
	title = "{Interpreting top-quark LHC measurements in the standard-model effective field theory}",
	eprint = "1802.07237",
	archivePrefix = "arXiv",
	primaryClass = "hep-ph",
	reportNumber = "CERN-LPCC-2018-01",
	month = "2",
	year = "2018"
}
@article{IML,
	author = {Alasfar, Lina and Gr\"ober, Ramona and Grojean, Chrstophe and Paul, Ayan and Qian, Zhuoni},
	title = "{Machine learning augmented probes of light-quark Yukawa and trilinear couplings from Higgs pair production}",
	journal = "In preparation",
	year = "2021"
}
@article{CMS:2018ccd,
	collaboration = "CMS",
	title = "{Prospects for HH measurements at the HL-LHC}",
	reportNumber = "CMS-PAS-FTR-18-019",
	journal = "CMS-PAS-FTR-18-019",
	year = "2018"
}

% Future colliders
@article{FCC:2018byv,
    author = "Abada, A. and others",
    collaboration = "FCC",
    title = "{FCC Physics Opportunities}: {Future Circular Collider Conceptual Design Report Volume 1}",
    reportNumber = "CERN-ACC-2018-0056",
    doi = "10.1140/epjc/s10052-019-6904-3",
    journal = "Eur. Phys. J. C",
    volume = "79",
    number = "6",
    pages = "474",
    year = "2019"
}

@article{FCC:2018evy,
    author = "Abada, A. and others",
    collaboration = "FCC",
    title = "{FCC-ee: The Lepton Collider}: {Future Circular Collider Conceptual Design Report Volume 2}",
    reportNumber = "CERN-ACC-2018-0057",
    doi = "10.1140/epjst/e2019-900045-4",
    journal = "Eur. Phys. J. ST",
    volume = "228",
    number = "2",
    pages = "261--623",
    year = "2019"
}

@article{Bambade:2019fyw,
    author = "Bambade, Philip and others",
    title = "{The International Linear Collider: A Global Project}",
    eprint = "1903.01629",
    archivePrefix = "arXiv",
    primaryClass = "hep-ex",
    reportNumber = "DESY 19-037, DESY-19-037, FERMILAB-FN-1067-PPD, IFIC/19-10, IRFU-19-10,
  JLAB-PHY-19-2854, KEK Preprint 2018-92, JLAB-PHY-19-2854, KEK
  Preprint 2018-92, LAL/RT 19-001, PNNL-SA-142168,
  SLAC-PUB-17412, SLAC-PUB-17412",
    month = "3",
    year = "2019"
}

@article{LCCPhysicsWorkingGroup:2019fvj,
    author = "Fujii, Keisuke and others",
    collaboration = "LCC Physics Working Group",
    title = "{Tests of the Standard Model at the International Linear Collider}",
    eprint = "1908.11299",
    archivePrefix = "arXiv",
    primaryClass = "hep-ex",
    reportNumber = "DESY 19-146, KEK Preprint 2019-22, SLAC-PUB-17467, DESY-19-146",
    month = "8",
    year = "2019"
}

@article{CLICdp:2018cto,
    author = "Charles, T. K. and others",
    editor = "Burrows, P. N. and Catalan Lasheras, N. and Linssen, L. and Petri\v{c}, M. and Robson, A. and Schulte, D. and Sicking, E. and Stapnes, S.",
    collaboration = "CLICdp, CLIC",
    title = "{The Compact Linear Collider (CLIC) - 2018 Summary Report}",
    eprint = "1812.06018",
    archivePrefix = "arXiv",
    primaryClass = "physics.acc-ph",
    reportNumber = "CERN-2018-005-M, CERN-2018-005",
    doi = "10.23731/CYRM-2018-002",
    volume = "2/2018",
    month = "12",
    year = "2018"
}

@article{deBlas:2018mhx,
    author = "de Blas, J. and others",
    title = "{The CLIC Potential for New Physics}",
    eprint = "1812.02093",
    archivePrefix = "arXiv",
    primaryClass = "hep-ph",
    reportNumber = "CERN-TH-2018-267, CERN-2018-009-M",
    doi = "10.23731/CYRM-2018-003",
    volume = "3/2018",
    month = "12",
    year = "2018"
}

@article{An:2018dwb,
    author = "An, Fenfen and others",
    title = "{Precision Higgs physics at the CEPC}",
    eprint = "1810.09037",
    archivePrefix = "arXiv",
    primaryClass = "hep-ex",
    reportNumber = "FERMILAB-PUB-18-573-T",
    doi = "10.1088/1674-1137/43/4/043002",
    journal = "Chin. Phys. C",
    volume = "43",
    number = "4",
    pages = "043002",
    year = "2019"
}

@article{CEPCStudyGroup:2018ghi,
    author = "Dong, Mingyi and others",
    editor = "Guimar\~aes da Costa, Jo\~ao Barreiro and others",
    collaboration = "CEPC Study Group",
    title = "{CEPC Conceptual Design Report: Volume 2 - Physics \& Detector}",
    eprint = "1811.10545",
    archivePrefix = "arXiv",
    primaryClass = "hep-ex",
    reportNumber = "IHEP-CEPC-DR-2018-02, IHEP-EP-2018-01, IHEP-TH-2018-01",
    month = "11",
    year = "2018"
}

% Self-couling at lepton colliders
@article{DiVita:2017vrr,
    author = "Di Vita, Stefano and Durieux, Gauthier and Grojean, Christophe and Gu, Jiayin and Liu, Zhen and Panico, Giuliano and Riembau, Marc and Vantalon, Thibaud",
    title = "{A global view on the Higgs self-coupling at lepton colliders}",
    eprint = "1711.03978",
    archivePrefix = "arXiv",
    primaryClass = "hep-ph",
    reportNumber = "DESY-17-131, FERMILAB-PUB-17-462-T",
    doi = "10.1007/JHEP02(2018)178",
    journal = "JHEP",
    volume = "02",
    pages = "178",
    year = "2018"
}
@misc{GitHub,
  howpublished = "\url{https://github.com/alasfar-lina/trilinear4tops}"
}


@article{Haisch:2021hvy,
    author = {Haisch, Ulrich and Koole, Gabri\"el},
    title = "{Off-shell Higgs production at the LHC as a probe of the trilinear Higgs coupling}",
    eprint = "2111.12589",
    archivePrefix = "arXiv",
    primaryClass = "hep-ph",
    month = "11",
    year = "2021"
}
% HL-LHC Higgs

@online{twiki,
	ALTauthor = {AndrewGilbert} ,
	title = {Guidelines for extrapolation of CMS and ATLAS LHC/HL-LHC couplings projections to HE-LHC},
	date = {2018-11-22},
	url = {https://twiki.cern.ch/twiki/bin/view/LHCPhysics/GuidelinesCouplingProjections2018#Details%20of%20the%20CMS%20projections},
}

@article{Cepeda:2019klc,
    author = "Cepeda, M. and others",
    editor = "Dainese, Andrea and Mangano, Michelangelo and Meyer, Andreas B. and Nisati, Aleandro and Salam, Gavin and Vesterinen, Mika Anton",
    title = "{Report from Working Group 2}: {Higgs Physics at the HL-LHC and HE-LHC}",
    eprint = "1902.00134",
    archivePrefix = "arXiv",
    primaryClass = "hep-ph",
    reportNumber = "CERN-LPCC-2018-04",
    doi = "10.23731/CYRM-2019-007.221",
    journal = "CERN Yellow Rep. Monogr.",
    volume = "7",
    pages = "221--584",
    year = "2019"
}
@article{Herren:2017osy,
    author = "Herren, Florian and Steinhauser, Matthias",
    title = "{Version 3 of RunDec and CRunDec}",
    eprint = "1703.03751",
    archivePrefix = "arXiv",
    primaryClass = "hep-ph",
    reportNumber = "TTP17-011",
    doi = "10.1016/j.cpc.2017.11.014",
    journal = "Comput. Phys. Commun.",
    volume = "224",
    pages = "333--345",
    year = "2018"
}
@article{Mohammad:1976qd,
    author = "Mohammad, I. and Donnachie, A.",
    title = "{Radiative Corrections to Radiative Muon Decay}",
    reportNumber = "CERN-TH-2127",
    month = "3",
    year = "1976"
}
@article{PhysRev.101.866,
  title = {Radiative Corrections to Decay Processes},
  author = {Behrends, R. E. and Finkelstein, R. J. and Sirlin, A.},
  journal = {Phys. Rev.},
  volume = {101},
  issue = {2},
  pages = {866--873},
  numpages = {0},
  year = {1956},
  month = {Jan},
  publisher = {American Physical Society},
  doi = {10.1103/PhysRev.101.866},
  url = {https://link.aps.org/doi/10.1103/PhysRev.101.866}
}
@article{PhysRev.113.1652,
  title = {Radiative Corrections to Fermi Interactions},
  author = {Kinoshita, Toichiro and Sirlin, Alberto},
  journal = {Phys. Rev.},
  volume = {113},
  issue = {6},
  pages = {1652--1660},
  numpages = {0},
  year = {1959},
  month = {Mar},
  publisher = {American Physical Society},
  doi = {10.1103/PhysRev.113.1652},
  url = {https://link.aps.org/doi/10.1103/PhysRev.113.1652}
}
@article{PhysRevLett.82.488,
  title = {Complete 2-Loop Quantum Electrodynamic Contributions to the Muon Lifetime in the Fermi Model},
  author = {van Ritbergen, Timo and Stuart, Robin G.},
  journal = {Phys. Rev. Lett.},
  volume = {82},
  issue = {3},
  pages = {488--491},
  numpages = {0},
  year = {1999},
  month = {Jan},
  publisher = {American Physical Society},
  doi = {10.1103/PhysRevLett.82.488},
  url = {https://link.aps.org/doi/10.1103/PhysRevLett.82.488}
}
%%%%%%%
@article{Borowka:2017idc,
	author = "Borowka, S. and Heinrich, G. and Jahn, S. and Jones, S. P. and Kerner, M. and Schlenk, J. and Zirke, T.",
	title = "{pySecDec: a toolbox for the numerical evaluation of multi-scale integrals}",
	eprint = "1703.09692",
	archivePrefix = "arXiv",
	primaryClass = "hep-ph",
	reportNumber = "MPP-2017-42, CERN-TH-2017-063, IPPP-17-24",
	doi = "10.1016/j.cpc.2017.09.015",
	journal = "Comput. Phys. Commun.",
	volume = "222",
	pages = "313--326",
	year = "2018"
}

@article{Borowka:2018goh,
	author = "Borowka, S. and Heinrich, G. and Jahn, S. and Jones, S. P. and Kerner, M. and Schlenk, J.",
	title = "{A GPU compatible quasi-Monte Carlo integrator interfaced to pySecDec}",
	eprint = "1811.11720",
	archivePrefix = "arXiv",
	primaryClass = "physics.comp-ph",
	reportNumber = "CERN-TH-2018-246, MPP-2018-279, ZU-TH 43/18, IPPP/18/100",
	doi = "10.1016/j.cpc.2019.02.015",
	journal = "Comput. Phys. Commun.",
	volume = "240",
	pages = "120--137",
	year = "2019"
}

@article{Passarino:1978jh,
	author         = "Passarino, G. and Veltman, M. J. G.",
	title          = "{One Loop corrections for $e^+ e^-$ annihilation into 
	$\mu^+ \mu^-$
	in the Weinberg Model}",
	journal        = "Nucl. Phys.",
	volume         = "B160",
	year           = "1979",
	pages          = "151",
	doi            = "10.1016/0550-3213(79)90234-7",
	reportNumber   = "Print-79-0284 (UTRECHT)",
	SLACcitation   = "%%CITATION = NUPHA,B160,151;%%"
}


@article{Abbott:1980hw,
	author = "Abbott, L. F.",
	title = "{The Background Field Method Beyond One Loop}",
	reportNumber = "CERN-TH-2973",
	doi = "10.1016/0550-3213(81)90371-0",
	journal = "Nucl. Phys. B",
	volume = "185",
	pages = "189--203",
	year = "1981"
}

@article{Degrassi:2010eu,
	author = "Degrassi, G. and Slavich, P.",
	title = "{NLO QCD bottom corrections to Higgs boson production in the MSSM}",
	eprint = "1007.3465",
	archivePrefix = "arXiv",
	primaryClass = "hep-ph",
	reportNumber = "RM3-TH-10-16",
	doi = "10.1007/JHEP11(2010)044",
	journal = "JHEP",
	volume = "11",
	pages = "044",
	year = "2010"
}


@article{Han:1991ia,
	author = "Han, Tao and Willenbrock, S.",
	title = "{QCD correction to the p p ---\ensuremath{>} W H and Z H total cross-sections}",
	reportNumber = "FERMILAB-PUB-91-070-T, BNL-45990",
	doi = "10.1016/0370-2693(91)90572-8",
	journal = "Phys. Lett. B",
	volume = "273",
	pages = "167--172",
	year = "1991"
}

@article{Degrassi:2011vq,
	author = "Degrassi, G. and Di Vita, S. and Slavich, P.",
	title = "{NLO QCD corrections to pseudoscalar Higgs production in the MSSM}",
	eprint = "1107.0914",
	archivePrefix = "arXiv",
	primaryClass = "hep-ph",
	reportNumber = "RM3-TH-11-05",
	doi = "10.1007/JHEP08(2011)128",
	journal = "JHEP",
	volume = "08",
	pages = "128",
	year = "2011"
}


@article{Spira:1995rr,
	author = "Spira, M. and Djouadi, A. and Graudenz, D. and Zerwas, P. M.",
	title = "{Higgs boson production at the LHC}",
	eprint = "hep-ph/9504378",
	archivePrefix = "arXiv",
	reportNumber = "DESY-94-123, UDEM-GPP-TH-95-16, CERN-TH-95-30, CERN-TH-95-030",
	doi = "10.1016/0550-3213(95)00379-7",
	journal = "Nucl. Phys. B",
	volume = "453",
	pages = "17--82",
	year = "1995"
}

@article{Landau:1948kw,
	author = "Landau, L. D.",
	title = "{On the angular momentum of a system of two photons}",
	doi = "10.1016/B978-0-08-010586-4.50070-5",
	journal = "Dokl. Akad. Nauk SSSR",
	volume = "60",
	number = "2",
	pages = "207--209",
	year = "1948"
}

@article{Yang:1950rg,
	author = "Yang, Chen-Ning",
	title = "{Selection Rules for the Dematerialization of a Particle Into Two Photons}",
	doi = "10.1103/PhysRev.77.242",
	journal = "Phys. Rev.",
	volume = "77",
	pages = "242--245",
	year = "1950"
}

@article{Butterworth:2008iy,
	author = "Butterworth, Jonathan M. and Davison, Adam R. and Rubin, Mathieu and Salam, Gavin P.",
	title = "{Jet substructure as a new Higgs search channel at the LHC}",
	eprint = "0802.2470",
	archivePrefix = "arXiv",
	primaryClass = "hep-ph",
	doi = "10.1103/PhysRevLett.100.242001",
	journal = "Phys. Rev. Lett.",
	volume = "100",
	pages = "242001",
	year = "2008"
}

@article{Sirunyan:2018kst,
	author = "Sirunyan, A. M. and others",
	collaboration = "CMS",
	title = "{Observation of Higgs boson decay to bottom quarks}",
	eprint = "1808.08242",
	archivePrefix = "arXiv",
	primaryClass = "hep-ex",
	reportNumber = "CMS-HIG-18-016, CERN-EP-2018-223",
	doi = "10.1103/PhysRevLett.121.121801",
	journal = "Phys. Rev. Lett.",
	volume = "121",
	number = "12",
	pages = "121801",
	year = "2018"
}

@article{Aaboud:2018zhk,
	author = "Aaboud, Morad and others",
	collaboration = "ATLAS",
	title = "{Observation of $H \rightarrow b\bar{b}$ decays and $VH$ production with the ATLAS detector}",
	eprint = "1808.08238",
	archivePrefix = "arXiv",
	primaryClass = "hep-ex",
	reportNumber = "CERN-EP-2018-215",
	doi = "10.1016/j.physletb.2018.09.013",
	journal = "Phys. Lett. B",
	volume = "786",
	pages = "59--86",
	year = "2018"
}

@article{Englert:2013vua,
	author = "Englert, Christoph and McCullough, Matthew and Spannowsky, Michael",
	title = "{Gluon-initiated associated production boosts Higgs physics}",
	eprint = "1310.4828",
	archivePrefix = "arXiv",
	primaryClass = "hep-ph",
	reportNumber = "DCPT-13-158, IPPP-13-79, MIT-CTP-4506",
	doi = "10.1103/PhysRevD.89.013013",
	journal = "Phys. Rev. D",
	volume = "89",
	number = "1",
	pages = "013013",
	year = "2014"
}

@article{Brein:2003wg,
	author = "Brein, Oliver and Djouadi, Abdelhak and Harlander, Robert",
	title = "{NNLO QCD corrections to the Higgs-strahlung processes at hadron colliders}",
	eprint = "hep-ph/0307206",
	archivePrefix = "arXiv",
	reportNumber = "MPP-2003-35, CERN-TH-2003-161, PM-03-16",
	doi = "10.1016/j.physletb.2003.10.112",
	journal = "Phys. Lett. B",
	volume = "579",
	pages = "149--156",
	year = "2004"
}

@article{Kniehl:1990iva,
	author = "Kniehl, Bernd A.",
	title = "{Associated Production of Higgs and Z Bosons From Gluon Fusion in Hadron Collisions}",
	reportNumber = "MAD-PH-558",
	doi = "10.1103/PhysRevD.42.2253",
	journal = "Phys. Rev. D",
	volume = "42",
	pages = "2253--2258",
	year = "1990"
}

@article{Dicus:1988yh,
	author = "Dicus, Duane A. and Kao, Chung",
	title = "{Higgs Boson - $Z^0$ Production From Gluon Fusion}",
	reportNumber = "DOE-ER40200-131",
	doi = "10.1103/PhysRevD.38.1008",
	journal = "Phys. Rev. D",
	volume = "38",
	pages = "1008",
	year = "1988",
	note = "[Erratum: Phys.Rev.D 42, 2412 (1990)]"
}



@article{Altenkamp:2012sx,
	author = "Altenkamp, Lukas and Dittmaier, Stefan and Harlander, Robert V. and Rzehak, Heidi and Zirke, Tom J.E.",
	title = "{Gluon-induced Higgs-strahlung at next-to-leading order QCD}",
	eprint = "1211.5015",
	archivePrefix = "arXiv",
	primaryClass = "hep-ph",
	reportNumber = "CERN-PH-TH-2012-312, FR-PHENO-2012-023, WUB-12-21",
	doi = "10.1007/JHEP02(2013)078",
	journal = "JHEP",
	volume = "02",
	pages = "078",
	year = "2013"
}

@article{Harlander:2014wda,
	author = "Harlander, Robert V. and Kulesza, Anna and Theeuwes, Vincent and Zirke, Tom",
	title = "{Soft gluon resummation for gluon-induced Higgs Strahlung}",
	eprint = "1410.0217",
	archivePrefix = "arXiv",
	primaryClass = "hep-ph",
	reportNumber = "MS-TP-14-17, WUB-14-10, LPN14-112",
	doi = "10.1007/JHEP11(2014)082",
	journal = "JHEP",
	volume = "11",
	pages = "082",
	year = "2014"
}

@article{Hasselhuhn:2016rqt,
	author = "Hasselhuhn, Alexander and Luthe, Thomas and Steinhauser, Matthias",
	title = "{On top quark mass effects to $gg\to ZH$ at NLO}",
	eprint = "1611.05881",
	archivePrefix = "arXiv",
	primaryClass = "hep-ph",
	reportNumber = "TTP16-051",
	doi = "10.1007/JHEP01(2017)073",
	journal = "JHEP",
	volume = "01",
	pages = "073",
	year = "2017"
}

@article{Harlander:2018yns,
	author = "Harlander, R.V. and Klappert, J. and Pandini, C. and Papaefstathiou, A.",
	title = "{Exploiting the WH/ZH symmetry in the search for New Physics}",
	eprint = "1804.02299",
	archivePrefix = "arXiv",
	primaryClass = "hep-ph",
	reportNumber = "TTK-17-48, Nikhef 2018-026",
	doi = "10.1140/epjc/s10052-018-6234-x",
	journal = "Eur. Phys. J. C",
	volume = "78",
	number = "9",
	pages = "760",
	year = "2018"
}

@article{Hespel:2015zea,
	author = "Hespel, B. and Maltoni, F. and Vryonidou, E.",
	title = "{Higgs and Z boson associated production via gluon fusion in the SM and the 2HDM}",
	eprint = "1503.01656",
	archivePrefix = "arXiv",
	primaryClass = "hep-ph",
	reportNumber = "CP3-15-05, MCNET-15-04",
	doi = "10.1007/JHEP06(2015)065",
	journal = "JHEP",
	volume = "06",
	pages = "065",
	year = "2015"
}

@article{Davies:2020drs,
	author = "Davies, Joshua and Mishima, Go and Steinhauser, Matthias",
	title = "{Virtual corrections to $gg\to ZH$ in the high-energy and large-$m_t$ limits}",
	eprint = "2011.12314",
	archivePrefix = "arXiv",
	primaryClass = "hep-ph",
	reportNumber = "TTP20-041, P3H-20-074",
	month = "11",
	year = "2020"
}

@article{Chen:2020gae,
	author = "Chen, Long and Heinrich, Gudrun and Jones, Stephen P. and Kerner, Matthias and Klappert, Jonas and Schlenk, Johannes",
	title = "{$ZH$ production in gluon fusion: two-loop amplitudes with full top quark mass dependence}",
	eprint = "2011.12325",
	archivePrefix = "arXiv",
	primaryClass = "hep-ph",
	reportNumber = "ZU-TH 45/20, CERN-TH-2020-199, IPPP/20/57, P3H-20-076,
	KA-TP-21-2020, P3H-20-076, KA-TP-21-2020, TTK-20-42, PSI-PR-20-21, PSI-PR-20-21 P3H-20-076\textbackslash{}\textbackslash{} KA-TP-21-2020\textbackslash{}\textbackslash{} TTK-20-42\textbackslash{}\textbackslash{} PSI-PR-20-21",
	month = "11",
	year = "2020"
}

@article{Bonciani:2018omm,
	author = {Bonciani, Roberto and Degrassi, Giuseppe and Giardino, Pier Paolo and Gr\"ober, Ramona},
	title = "{Analytical Method for Next-to-Leading-Order QCD Corrections to Double-Higgs Production}",
	eprint = "1806.11564",
	archivePrefix = "arXiv",
	primaryClass = "hep-ph",
	doi = "10.1103/PhysRevLett.121.162003",
	journal = "Phys. Rev. Lett.",
	volume = "121",
	number = "16",
	pages = "162003",
	year = "2018"
}

@article{Grozin:2011mt,
	author = "Grozin, A.G.",
	title = "{Integration by parts: An Introduction}",
	eprint = "1104.3993",
	archivePrefix = "arXiv",
	primaryClass = "hep-ph",
	reportNumber = "TTP11-09",
	doi = "10.1142/S0217751X11053687",
	journal = "Int. J. Mod. Phys. A",
	volume = "26",
	pages = "2807--2854",
	year = "2011"
}

@book{Smirnov:2012gma,
	author = "Smirnov, Vladimir A.",
	title = "{Analytic tools for Feynman integrals}",
	doi = "10.1007/978-3-642-34886-0",
	volume = "250",
	year = "2012"
}

@article{Hahn:2000kx,
	author = "Hahn, Thomas",
	title = "{Generating Feynman diagrams and amplitudes with FeynArts 3}",
	eprint = "hep-ph/0012260",
	archivePrefix = "arXiv",
	reportNumber = "KA-TP-23-2000",
	doi = "10.1016/S0010-4655(01)00290-9",
	journal = "Comput. Phys. Commun.",
	volume = "140",
	pages = "418--431",
	year = "2001"
}

@article{Shtabovenko:2016sxi,
	author = "Shtabovenko, Vladyslav and Mertig, Rolf and Orellana, Frederik",
	title = "{New Developments in FeynCalc 9.0}",
	eprint = "1601.01167",
	archivePrefix = "arXiv",
	primaryClass = "hep-ph",
	reportNumber = "TUM-EFT-71-15",
	doi = "10.1016/j.cpc.2016.06.008",
	journal = "Comput. Phys. Commun.",
	volume = "207",
	pages = "432--444",
	year = "2016"
}


@article{Mertig:1990an,
	author = "Mertig, R. and Bohm, M. and Denner, Ansgar",
	title = "{FEYN CALC: Computer algebraic calculation of Feynman amplitudes}",
	reportNumber = "PRINT-90-0639 (WURZBURG)",
	doi = "10.1016/0010-4655(91)90130-D",
	journal = "Comput. Phys. Commun.",
	volume = "64",
	pages = "345--359",
	year = "1991"
}


@article{Larin:1993tq,
	author = "Larin, S.A.",
	title = "{The Renormalization of the axial anomaly in dimensional regularization}",
	eprint = "hep-ph/9302240",
	archivePrefix = "arXiv",
	reportNumber = "NIKHEF-H-92-18",
	doi = "10.1016/0370-2693(93)90053-K",
	journal = "Phys. Lett. B",
	volume = "303",
	pages = "113--118",
	year = "1993"
}

@inproceedings{Amoroso:2020lgh,
	author = "Amoroso, S. and others",
	title = "{Les Houches 2019: Physics at TeV Colliders: Standard Model Working Group Report}",
	booktitle = "{11th Les Houches Workshop on Physics at TeV Colliders}: {PhysTeV Les Houches}",
	eprint = "2003.01700",
	archivePrefix = "arXiv",
	primaryClass = "hep-ph",
	month = "3",
	year = "2020"
}

@article{Harlander:2013mla,
	author = "Harlander, Robert V. and Liebler, Stefan and Zirke, Tom",
	title = "{Higgs Strahlung at the Large Hadron Collider in the 2-Higgs-Doublet Model}",
	eprint = "1307.8122",
	archivePrefix = "arXiv",
	primaryClass = "hep-ph",
	reportNumber = "WUB-13-12",
	doi = "10.1007/JHEP02(2014)023",
	journal = "JHEP",
	volume = "02",
	pages = "023",
	year = "2014"
}
@article{Smirnov:2014hma,
	author = "Smirnov, Alexander V.",
	title = "{FIRE5: a C++ implementation of Feynman Integral REduction}",
	eprint = "1408.2372",
	archivePrefix = "arXiv",
	primaryClass = "hep-ph",
	reportNumber = "SFB-CPP-14-60",
	doi = "10.1016/j.cpc.2014.11.024",
	journal = "Comput. Phys. Commun.",
	volume = "189",
	pages = "182--191",
	year = "2015"
}
@article{Lee:2013mka,
	author = "Lee, Roman N.",
	editor = "Wang, Jianxiong",
	title = "{LiteRed 1.4: a powerful tool for reduction of multiloop integrals}",
	eprint = "1310.1145",
	archivePrefix = "arXiv",
	primaryClass = "hep-ph",
	doi = "10.1088/1742-6596/523/1/012059",
	journal = "J. Phys. Conf. Ser.",
	volume = "523",
	pages = "012059",
	year = "2014"
}
@article{vonManteuffel:2017hms,
	author = "von Manteuffel, Andreas and Tancredi, Lorenzo",
	title = "{A non-planar two-loop three-point function beyond multiple polylogarithms}",
	eprint = "1701.05905",
	archivePrefix = "arXiv",
	primaryClass = "hep-ph",
	reportNumber = "MSUHEP-17-001, MITP-16-100, TTP17-001",
	doi = "10.1007/JHEP06(2017)127",
	journal = "JHEP",
	volume = "06",
	pages = "127",
	year = "2017"
}
@article{Bonciani:2018uvv,
	author = {Bonciani, Roberto and Degrassi, Giuseppe and Giardino, Pier Paolo and Gr\"ober, Ramona},
	title = "{A Numerical Routine for the Crossed Vertex Diagram with a Massive-Particle Loop}",
	eprint = "1812.02698",
	archivePrefix = "arXiv",
	primaryClass = "hep-ph",
	doi = "10.1016/j.cpc.2019.03.014",
	journal = "Comput. Phys. Commun.",
	volume = "241",
	pages = "122--131",
	year = "2019"
}
@article{Aglietti:2006tp,
	author = "Aglietti, U. and Bonciani, R. and Degrassi, G. and Vicini, A.",
	title = "{Analytic Results for Virtual QCD Corrections to Higgs Production and Decay}",
	eprint = "hep-ph/0611266",
	archivePrefix = "arXiv",
	reportNumber = "ROME1-1442-06, IFIC-06-31, RM3-TH-06-24, IFUM-880-FT",
	doi = "10.1088/1126-6708/2007/01/021",
	journal = "JHEP",
	volume = "01",
	pages = "021",
	year = "2007"
}
@article{Degrassi:2016vss,
	author = {Degrassi, Giuseppe and Giardino, Pier Paolo and Gr\"ober, Ramona},
	title = "{On the two-loop virtual QCD corrections to Higgs boson pair production in the Standard Model}",
	eprint = "1603.00385",
	archivePrefix = "arXiv",
	primaryClass = "hep-ph",
	doi = "10.1140/epjc/s10052-016-4256-9",
	journal = "Eur. Phys. J. C",
	volume = "76",
	number = "7",
	pages = "411",
	year = "2016"
}
@article{Naterop:2019xaf,
	author = "Naterop, L. and Signer, A. and Ulrich, Y.",
	title = "{handyG \textemdash{}Rapid numerical evaluation of generalised polylogarithms in Fortran}",
	eprint = "1909.01656",
	archivePrefix = "arXiv",
	primaryClass = "hep-ph",
	reportNumber = "PSI-PR-19-17, ZU-TH 40/19",
	doi = "10.1016/j.cpc.2020.107165",
	journal = "Comput. Phys. Commun.",
	volume = "253",
	pages = "107165",
	year = "2020"
}
@article{Englert:2016hvy,
	author = "Englert, Christoph and Rosenfeld, Rogerio and Spannowsky, Michael and Tonero, Alberto",
	title = "{New physics and signal-background interference in associated $pp\to HZ$ production}",
	eprint = "1603.05304",
	archivePrefix = "arXiv",
	primaryClass = "hep-ph",
	reportNumber = "IPPP-16-21, DCPT-16-42",
	doi = "10.1209/0295-5075/114/31001",
	journal = "EPL",
	volume = "114",
	number = "3",
	pages = "31001",
	year = "2016"
}
%%%%%%%%%%%% NEW CMS PAPER ON H-> CC %%%%%%%%%%%%%
@techreport{CMS-PAS-HIG-18-031,
	title         = "{Search for the standard model Higgs boson decaying to
	charm quarks}",
	institution   = "CERN",
	collaboration = "CMS",
	address       = "Geneva",
	number        = "CMS-PAS-HIG-18-031",
	year          = "2019",
	reportNumber  = "CMS-PAS-HIG-18-031",
	url           = "http://cds.cern.ch/record/2682638",
}
@techreport{ATL-PHYS-PUB-2018-016,
	title         = "{Prospects for $H\rightarrow c\bar c$ using Charm Tagging
	with the ATLAS Experiment at the HL-LHC}",
	institution   = "CERN",
	collaboration = "ATLAS",
	address       = "Geneva",
	number        = "ATL-PHYS-PUB-2018-016",
	month         = "Aug",
	year          = "2018",
	reportNumber  = "ATL-PHYS-PUB-2018-016",
	url           = "http://cds.cern.ch/record/2633635",
}
%%%%%%%%%%% H-> mumu %%%%%%%%%%%%%%%%%%%%%%%%%%%%%%%%%%%%%%
@techreport{ATLAS-CONF-2019-028,
	title         = "{A search for the dimuon decay of the Standard Model Higgs
	boson in $pp$ collisions at $\sqrt{s} = 13$ TeV with the
	ATLAS Detector}",
	institution   = "CERN",
	collaboration = "ATLAS",
	address       = "Geneva",
	number        = "ATLAS-CONF-2019-028",
	month         = "Jul",
	year          = "2019",
	reportNumber  = "ATLAS-CONF-2019-028",
	url           = "http://cds.cern.ch/record/2682155",
}
@article{Sirunyan:2018hbu,
	author         = "Sirunyan, Albert M. and others",
	title          = "{Search for the Higgs boson decaying to two muons in
	proton-proton collisions at $\sqrt{s} =$ 13 TeV}",
	collaboration  = "CMS",
	journal        = "Phys. Rev. Lett.",
	volume         = "122",
	year           = "2019",
	number         = "2",
	pages          = "021801",
	doi            = "10.1103/PhysRevLett.122.021801",
	eprint         = "1807.06325",
	archivePrefix  = "arXiv",
	primaryClass   = "hep-ex",
	reportNumber   = "CMS-HIG-17-019, CERN-EP-2018-165",
	SLACcitation   = "%%CITATION = ARXIV:1807.06325;%%"
}
@article{Khachatryan:2014aep,
	author         = "Khachatryan, Vardan and others",
	title          = "{Search for a standard model-like Higgs boson in the
	$\mu^+ \mu^-$ and $e^+e^-$ decay channels at the LHC}",
	collaboration  = "CMS",
	journal        = "Phys. Lett.",
	volume         = "B744",
	year           = "2015",
	pages          = "184-207",
	doi            = "10.1016/j.physletb.2015.03.048",
	eprint         = "1410.6679",
	archivePrefix  = "arXiv",
	primaryClass   = "hep-ex",
	reportNumber   = "CMS-HIG-13-007, CERN-PH-EP-2014-243",
	SLACcitation   = "%%CITATION = ARXIV:1410.6679;%%"
}
%%%%%%%%%%% Light Yukawas from Higgs distributions %%%%%%%%%%
@article{Bishara:2016jga,
	author         = "Bishara, Fady and Haisch, Ulrich and Monni, Pier
	Francesco and Re, Emanuele",
	title          = "{Constraining Light-Quark Yukawa Couplings from Higgs
	Distributions}",
	journal        = "Phys. Rev. Lett.",
	volume         = "118",
	year           = "2017",
	number         = "12",
	pages          = "121801",
	doi            = "10.1103/PhysRevLett.118.121801",
	eprint         = "1606.09253",
	archivePrefix  = "arXiv",
	primaryClass   = "hep-ph",
	reportNumber   = "OUTP-16-18P, CERN-TH-2016-136, LAPTH-026/16",
	SLACcitation   = "%%CITATION = ARXIV:1606.09253;%%"
}
@article{Soreq:2016rae,
	author         = "Soreq, Yotam and Zhu, Hua Xing and Zupan, Jure",
	title          = "{Light quark Yukawa couplings from Higgs kinematics}",
	journal        = "JHEP",
	volume         = "12",
	year           = "2016",
	pages          = "045",
	doi            = "10.1007/JHEP12(2016)045",
	eprint         = "1606.09621",
	archivePrefix  = "arXiv",
	primaryClass   = "hep-ph",
	reportNumber   = "MIT-CTP-4817",
	SLACcitation   = "%%CITATION = ARXIV:1606.09621;%%"
}
@article{DiLuzio:2017tfn,
	author         = "Di Luzio, Luca and Gr{\"o}ber, Ramona and Spannowsky,
	Michael",
	title          = "{Maxi-sizing the trilinear Higgs self-coupling: how large
	could it be?}",
	journal        = "Eur. Phys. J.",
	volume         = "C77",
	year           = "2017",
	number         = "11",
	pages          = "788",
	doi            = "10.1140/epjc/s10052-017-5361-0",
	eprint         = "1704.02311",
	archivePrefix  = "arXiv",
	primaryClass   = "hep-ph",
	reportNumber   = "IPPP-17-26",
	SLACcitation   = "%%CITATION = ARXIV:1704.02311;%%"
}
@article{Aad:2019uzh,
	author         = "Aad, Georges and others",
	title          = "{Combination of searches for Higgs boson pairs in $pp$
	collisions at $\sqrt{s} = $13 TeV with the ATLAS
	detector}",
	collaboration  = "ATLAS",
	year           = "2019",
	eprint         = "1906.02025",
	archivePrefix  = "arXiv",
	primaryClass   = "hep-ex",
	reportNumber   = "CERN-EP-2019-099",
	SLACcitation   = "%%CITATION = ARXIV:1906.02025;%%"
}
@article{Falkowski:2019tft,
	author         = "Falkowski, Adam and Rattazzi, Riccardo",
	title          = "{Which EFT}",
	year           = "2019",
	eprint         = "1902.05936",
	archivePrefix  = "arXiv",
	primaryClass   = "hep-ph",
	reportNumber   = "LPT Orsay 19-05",
	SLACcitation   = "%%CITATION = ARXIV:1902.05936;%%"
}
@article{Plehn:2005nk,
	author         = "Plehn, Tilman and Rauch, Michael",
	title          = "{The quartic higgs coupling at hadron colliders}",
	journal        = "Phys. Rev.",
	volume         = "D72",
	year           = "2005",
	pages          = "053008",
	doi            = "10.1103/PhysRevD.72.053008",
	eprint         = "hep-ph/0507321",
	archivePrefix  = "arXiv",
	primaryClass   = "hep-ph",
	reportNumber   = "MPP-2005-80",
	SLACcitation   = "%%CITATION = HEP-PH/0507321;%%"
}
@article{Binoth:2006ym,
	author         = "Binoth, T. and Karg, S. and Kauer, N. and Ruckl, R.",
	title          = "{Multi-Higgs boson production in the Standard Model and
	beyond}",
	journal        = "Phys. Rev.",
	volume         = "D74",
	year           = "2006",
	pages          = "113008",
	doi            = "10.1103/PhysRevD.74.113008",
	eprint         = "hep-ph/0608057",
	archivePrefix  = "arXiv",
	primaryClass   = "hep-ph",
	reportNumber   = "EDINBURGH-2006-15",
	SLACcitation   = "%%CITATION = HEP-PH/0608057;%%"
}
@article{deBlas:2019rxi,
	author         = "De Blas, J. and others",
	title          = "{Higgs Boson Studies at Future Particle Colliders}",
	year           = "2019",
	eprint         = "1905.03764",
	archivePrefix  = "arXiv",
	primaryClass   = "hep-ph",
	SLACcitation   = "%%CITATION = ARXIV:1905.03764;%%"
}


@article{Yu:2016rvv,
	author         = "Yu, Felix",
	title          = "{Phenomenology of Enhanced Light Quark Yukawa Couplings
	and the $W^\pm h$ Charge Asymmetry}",
	journal        = "JHEP",
	volume         = "02",
	year           = "2017",
	pages          = "083",
	doi            = "10.1007/JHEP02(2017)083",
	eprint         = "1609.06592",
	archivePrefix  = "arXiv",
	primaryClass   = "hep-ph",
	reportNumber   = "MITP-16-040",
	SLACcitation   = "%%CITATION = ARXIV:1609.06592;%%"
}
@article{Kagan:2014ila,
	author         = "Kagan, Alexander L. and Perez, Gilad and Petriello, Frank
	and Soreq, Yotam and Stoynev, Stoyan and Zupan, Jure",
	title          = "{Exclusive Window onto Higgs Yukawa Couplings}",
	journal        = "Phys. Rev. Lett.",
	volume         = "114",
	year           = "2015",
	number         = "10",
	pages          = "101802",
	doi            = "10.1103/PhysRevLett.114.101802",
	eprint         = "1406.1722",
	archivePrefix  = "arXiv",
	primaryClass   = "hep-ph",
	SLACcitation   = "%%CITATION = ARXIV:1406.1722;%%"
}
@article{Bodwin:2013gca,
	author         = "Bodwin, Geoffrey T. and Petriello, Frank and Stoynev,
	Stoyan and Velasco, Mayda",
	title          = "{Higgs boson decays to quarkonia and the $H\bar{c}c$
	coupling}",
	journal        = "Phys. Rev.",
	volume         = "D88",
	year           = "2013",
	number         = "5",
	pages          = "053003",
	doi            = "10.1103/PhysRevD.88.053003",
	eprint         = "1306.5770",
	archivePrefix  = "arXiv",
	primaryClass   = "hep-ph",
	SLACcitation   = "%%CITATION = ARXIV:1306.5770;%%"
}
@article{Koenig:2015pha,
	author         = "K{\"o}nig, Matthias and Neubert, Matthias",
	title          = "{Exclusive Radiative Higgs Decays as Probes of
	Light-Quark Yukawa Couplings}",
	journal        = "JHEP",
	volume         = "08",
	year           = "2015",
	pages          = "012",
	doi            = "10.1007/JHEP08(2015)012",
	eprint         = "1505.03870",
	archivePrefix  = "arXiv",
	primaryClass   = "hep-ph",
	reportNumber   = "MITP-15-031",
	SLACcitation   = "%%CITATION = ARXIV:1505.03870;%%"
}
@article{Aaboud:2018txb,
	author         = "Aaboud, Morad and others",
	title          = "{Searches for exclusive Higgs and $Z$ boson decays into
	$J/\psi\gamma$, $\psi(2S)\gamma$, and $\Upsilon(nS)\gamma$
	at $\sqrt{s}=13$ TeV with the ATLAS detector}",
	collaboration  = "ATLAS",
	journal        = "Phys. Lett.",
	volume         = "B786",
	year           = "2018",
	pages          = "134-155",
	doi            = "10.1016/j.physletb.2018.09.024",
	eprint         = "1807.00802",
	archivePrefix  = "arXiv",
	primaryClass   = "hep-ex",
	reportNumber   = "CERN-EP-2018-154",
	SLACcitation   = "%%CITATION = ARXIV:1807.00802;%%"
}
@article{Sirunyan:2018fmm,
	author         = "Sirunyan, Albert M and others",
	title          = "{Search for rare decays of Z and Higgs bosons to J$/\psi$
	and a photon in proton-proton collisions at $\sqrt{s} =$
	13 TeV}",
	collaboration  = "CMS",
	journal        = "Eur. Phys. J.",
	volume         = "C79",
	year           = "2019",
	number         = "2",
	pages          = "94",
	doi            = "10.1140/epjc/s10052-019-6562-5",
	eprint         = "1810.10056",
	archivePrefix  = "arXiv",
	primaryClass   = "hep-ex",
	reportNumber   = "CMS-SMP-17-012, CERN-EP-2018-250",
	SLACcitation   = "%%CITATION = ARXIV:1810.10056;%%"
}
@article{Aaboud:2017xnb,
	author         = "Aaboud, M. and others",
	title          = "{Search for exclusive Higgs and $Z$ boson decays to
	$\phi\gamma$ and $\rho\gamma$ with the ATLAS detector}",
	collaboration  = "ATLAS",
	journal        = "JHEP",
	volume         = "07",
	year           = "2018",
	pages          = "127",
	doi            = "10.1007/JHEP07(2018)127",
	eprint         = "1712.02758",
	archivePrefix  = "arXiv",
	primaryClass   = "hep-ex",
	reportNumber   = "CERN-EP-2017-273",
	SLACcitation   = "%%CITATION = ARXIV:1712.02758;%%"
}
@article{Brivio:2015fxa,
	author         = "Brivio, Ilaria and Goertz, Florian and Isidori, Gino",
	title          = "{Probing the Charm Quark Yukawa Coupling in Higgs+Charm
	Production}",
	journal        = "Phys. Rev. Lett.",
	volume         = "115",
	year           = "2015",
	number         = "21",
	pages          = "211801",
	doi            = "10.1103/PhysRevLett.115.211801",
	eprint         = "1507.02916",
	archivePrefix  = "arXiv",
	primaryClass   = "hep-ph",
	reportNumber   = "CERN-PH-TH-2015-160, FTUAM-15-19, IFT-UAM-CSIC-15-068,
	ZU-TH-23-15",
	SLACcitation   = "%%CITATION = ARXIV:1507.02916;%%"
}
@article{Dib:2005re,
	author         = "Dib, Claudio O. and Rosenfeld, Rogerio and Zerwekh,
	Alfonso",
	title          = "{Double Higgs production and quadratic divergence
	cancellation in little Higgs models with T parity}",
	journal        = "JHEP",
	volume         = "05",
	year           = "2006",
	pages          = "074",
	doi            = "10.1088/1126-6708/2006/05/074",
	eprint         = "hep-ph/0509179",
	archivePrefix  = "arXiv",
	primaryClass   = "hep-ph",
	SLACcitation   = "%%CITATION = HEP-PH/0509179;%%"
}
@article{Grober:2016wmf,
	author         = "Gr{\"o}ber, Ramona and M{\"u}hlleitner, Margarete and Spira,
	Michael",
	title          = "{Signs of Composite Higgs Pair Production at
	Next-to-Leading Order}",
	journal        = "JHEP",
	volume         = "06",
	year           = "2016",
	pages          = "080",
	doi            = "10.1007/JHEP06(2016)080",
	eprint         = "1602.05851",
	archivePrefix  = "arXiv",
	primaryClass   = "hep-ph",
	reportNumber   = "KA-TP-05-2016, PSI-PR-16-02, RM3-TH-16-3",
	SLACcitation   = "%%CITATION = ARXIV:1602.05851;%%"
}
@article{Grober:2010yv,
	author         = "Gr{\"o}ber, R. and M{\"u}hlleitner, M.",
	title          = "{Composite Higgs Boson Pair Production at the LHC}",
	journal        = "JHEP",
	volume         = "06",
	year           = "2011",
	pages          = "020",
	doi            = "10.1007/JHEP06(2011)020",
	eprint         = "1012.1562",
	archivePrefix  = "arXiv",
	primaryClass   = "hep-ph",
	reportNumber   = "KA-TP-37-2010",
	SLACcitation   = "%%CITATION = ARXIV:1012.1562;%%"
}
@article{Contino:2012xk,
	author         = "Contino, Roberto and Ghezzi, Margherita and Moretti,
	Mauro and Panico, Giuliano and Piccinini, Fulvio and
	Wulzer, Andrea",
	title          = "{Anomalous Couplings in Double Higgs Production}",
	journal        = "JHEP",
	volume         = "08",
	year           = "2012",
	pages          = "154",
	doi            = "10.1007/JHEP08(2012)154",
	eprint         = "1205.5444",
	archivePrefix  = "arXiv",
	primaryClass   = "hep-ph",
	SLACcitation   = "%%CITATION = ARXIV:1205.5444;%%"
}
@article{Bar-Shalom:2018rjs,
	author         = "Bar-Shalom, Shaouly and Soni, Amarjit",
	title          = "{Universally enhanced light-quarks Yukawa couplings
	paradigm}",
	journal        = "Phys. Rev.",
	volume         = "D98",
	year           = "2018",
	number         = "5",
	pages          = "055001",
	doi            = "10.1103/PhysRevD.98.055001",
	eprint         = "1804.02400",
	archivePrefix  = "arXiv",
	primaryClass   = "hep-ph",
	SLACcitation   = "%%CITATION = ARXIV:1804.02400;%%"
}
@article{Bauer:2017cov,
	author         = "Bauer, Martin and Carena, Marcela and Carmona, Adrian",
	title          = "{Higgs Pair Production as a Signal of Enhanced Yukawa
	Couplings}",
	journal        = "Phys. Rev. Lett.",
	volume         = "121",
	year           = "2018",
	number         = "2",
	pages          = "021801",
	doi            = "10.1103/PhysRevLett.121.021801",
	eprint         = "1801.00363",
	archivePrefix  = "arXiv",
	primaryClass   = "hep-ph",
	reportNumber   = "FERMILAB-PUB-17-613-T, MITP-17-106",
	SLACcitation   = "%%CITATION = ARXIV:1801.00363;%%"
}
%%%%%%%%%%%%%%% Flavour %%%%%%%%%%%%%%%%%%%%%%%%%%%%%%%%%%%%%%%%%
@article{Blankenburg:2012ex,
	author         = "Blankenburg, Gianluca and Ellis, John and Isidori, Gino",
	title          = "{Flavour-Changing Decays of a 125 GeV Higgs-like
	Particle}",
	journal        = "Phys. Lett.",
	volume         = "B712",
	year           = "2012",
	pages          = "386-390",
	doi            = "10.1016/j.physletb.2012.05.007",
	eprint         = "1202.5704",
	archivePrefix  = "arXiv",
	primaryClass   = "hep-ph",
	reportNumber   = "CERN-PH-TH-2012-049, KCL-PH-TH-2012-09, LCTS-2012-05",
	SLACcitation   = "%%CITATION = ARXIV:1202.5704;%%"
}
@article{DAmbrosio:2002vsn,
	author         = "D'Ambrosio, G. and Giudice, G. F. and Isidori, G. and
	Strumia, A.",
	title          = "{Minimal flavor violation: An Effective field theory
	approach}",
	journal        = "Nucl. Phys.",
	volume         = "B645",
	year           = "2002",
	pages          = "155-187",
	doi            = "10.1016/S0550-3213(02)00836-2",
	eprint         = "hep-ph/0207036",
	archivePrefix  = "arXiv",
	primaryClass   = "hep-ph",
	reportNumber   = "CERN-TH-2002-147, IFUP-TH-2002-17",
	SLACcitation   = "%%CITATION = HEP-PH/0207036;%%"
}
%%%%%%%%%%%% top Yukawa %%%%%%%%%%%%%%%%%%%%%%%%%%%%%%%%%%%%
@techreport{CMS-PAS-HIG-18-030,
	title         = "{Measurement of $\mathrm{t\overline{t}H}$ production in
	the $\mathrm{H\rightarrow b\overline{b}}$ decay channel in
	$41.5\,\mathrm{fb}^{-1}$ of proton-proton collision data at
	$\sqrt{s}=13\,\mathrm{TeV}$}",
	institution   = "CERN",
	collaboration = "CMS",
	address       = "Geneva",
	number        = "CMS-PAS-HIG-18-030",
	year          = "2019",
	reportNumber  = "CMS-PAS-HIG-18-030",
	url           = "https://cds.cern.ch/record/2675023",
}
@techreport{ATLAS-CONF-2018-031,
	title         = "{Combined measurements of Higgs boson production and decay
	using up to 80 fb$^{-1}$ of proton--proton collision data
	at $\sqrt{s}=$ 13 TeV collected with the ATLAS experiment}",
	institution   = "CERN",
	collaboration = "ATLAS",
	address       = "Geneva",
	number        = "ATLAS-CONF-2018-031",
	month         = "Jul",
	year          = "2018",
	reportNumber  = "ATLAS-CONF-2018-031",
	url           = "http://cds.cern.ch/record/2629412",
}
@techreport{CERN-EP-2019-119,
	title         = "{Measurement of the top quark Yukawa coupling from
	$\mathrm{t\bar{t}}$ kinematic distributions in the
	lepton+jets final state in proton-proton collisions at
	$\sqrt{s} = $ 13 TeV}",
	institution   = "CERN",
	collaboration = "CMS",
	address       = "Geneva",
	number        = "CERN-EP-2019-119. CMS-TOP-17-004-003",
	month         = "Jul",
	year          = "2019",
	reportNumber  = "CERN-EP-2019-119",
	url           = "https://cds.cern.ch/record/2681021",
}
@article{Harlander:2019ioe,
	author         = "Harlander, Robert V. and Prausa, Mario and Usovitsch,
	Johann",
	title          = "{The light-fermion contribution to the exact Higgs-gluon
	form factor in QCD}",
	year           = "2019",
	eprint         = "1907.06957",
	archivePrefix  = "arXiv",
	primaryClass   = "hep-ph",
	reportNumber   = "TTK-19-26, P3H-19-021, FR-PHENO-2019-011",
	SLACcitation   = "%%CITATION = ARXIV:1907.06957;%%"
}
%%%%%%%%%%%% Double Higgs production %%%%%%%%%%%%%%%%%%%%%%%%%%%%%%%%%%%%
@article{deFlorian:2016spz,
	author         = "de Florian, D. and others",
	title          = "{Handbook of LHC Higgs Cross Sections: 4. Deciphering the
	Nature of the Higgs Sector}",
	collaboration  = "LHC Higgs Cross Section Working Group",
	doi            = "10.23731/CYRM-2017-002",
	year           = "2016",
	eprint         = "1610.07922",
	archivePrefix  = "arXiv",
	primaryClass   = "hep-ph",
	reportNumber   = "FERMILAB-FN-1025-T, CERN-2017-002-M",
	SLACcitation   = "%%CITATION = ARXIV:1610.07922;%%"
}
@article{Dittmaier:2012vm,
	author         = "Dittmaier, S. and others",
	title          = "{Handbook of LHC Higgs Cross Sections: 2. Differential
	Distributions}",
	doi            = "10.5170/CERN-2012-002",
	year           = "2012",
	eprint         = "1201.3084",
	archivePrefix  = "arXiv",
	primaryClass   = "hep-ph",
	reportNumber   = "CERN-2012-002",
	SLACcitation   = "%%CITATION = ARXIV:1201.3084;%%"
}

@article{EBOLI1987269,
	title = "Twin Higgs-boson production",
	journal = "Physics Letters B",
	volume = "197",
	number = "1",
	pages = "269 - 272",
	year = "1987",
	issn = "0370-2693",
	doi = "https://doi.org/10.1016/0370-2693(87)90381-9",
	author = "O.J.P. Eboli and G.C. Marques and S.F. Novaes and A.A. Natale",
}
%%
@article{GLOVER1988282,
	title = "Higgs boson pair production via gluon fusion",
	journal = "Nuclear Physics B",
	volume = "309",
	number = "2",
	pages = "282 - 294",
	year = "1988",
	issn = "0550-3213",
	doi = "https://doi.org/10.1016/0550-3213(88)90083-1",
	author = "E.W.N. Glover and J.J. van der Bij",
}
%%
@article{DICUS1988457,
	author         = "Dicus, Duane A. and Kao, Chung and Willenbrock, Scott S.
	D.",
	title          = "{Higgs Boson Pair Production From Gluon Fusion}",
	journal        = "Phys. Lett.",
	volume         = "B203",
	year           = "1988",
	pages          = "457-461",
	doi            = "10.1016/0370-2693(88)90202-X",
	reportNumber   = "MAD/PH/399",
	SLACcitation   = "%%CITATION = PHLTA,B203,457;%%"
}
%%
@article{Plehn:1996wb,
	author         = "Plehn, T. and Spira, M. and Zerwas, P. M.",
	title          = "{Pair production of neutral Higgs particles in
	gluon-gluon collisions}",
	journal        = "Nucl. Phys.",
	volume         = "B479",
	year           = "1996",
	pages          = "46-64",
	doi            = "10.1016/0550-3213(96)00418-X,
	10.1016/S0550-3213(98)00406-4",
	note           = "[Erratum: Nucl. Phys.B531,655(1998)]",
	eprint         = "hep-ph/9603205",
	archivePrefix  = "arXiv",
	primaryClass   = "hep-ph",
	reportNumber   = "DESY-95-215",
	SLACcitation   = "%%CITATION = HEP-PH/9603205;%%"
}

@article{Dawson:1998py,
	author         = "Dawson, S. and Dittmaier, S. and Spira, M.",
	title          = "{Neutral Higgs boson pair production at hadron colliders:
	QCD corrections}",
	journal        = "Phys. Rev.",
	volume         = "D58",
	year           = "1998",
	pages          = "115012",
	doi            = "10.1103/PhysRevD.58.115012",
	eprint         = "hep-ph/9805244",
	archivePrefix  = "arXiv",
	primaryClass   = "hep-ph",
	reportNumber   = "DESY-98-028, BNL-HET-98-15, CERN-TH-98-135",
	SLACcitation   = "%%CITATION = HEP-PH/9805244;%%"
}
@article{Borowka:2016ypz,
	author         = "Borowka, S. and Greiner, N. and Heinrich, G. and Jones,
	S. P. and Kerner, M. and Schlenk, J. and Zirke, T.",
	title          = "{Full top quark mass dependence in Higgs boson pair
	production at NLO}",
	journal        = "JHEP",
	volume         = "10",
	year           = "2016",
	pages          = "107",
	doi            = "10.1007/JHEP10(2016)107",
	eprint         = "1608.04798",
	archivePrefix  = "arXiv",
	primaryClass   = "hep-ph",
	reportNumber   = "MPP-2016-261, ZU-TH-31-16",
	SLACcitation   = "%%CITATION = ARXIV:1608.04798;%%"
}
@article{Borowka:2016ehy,
	author         = "Borowka, S. and Greiner, N. and Heinrich, G. and Jones,
	S. P. and Kerner, M. and Schlenk, J. and Schubert, U. and
	Zirke, T.",
	title          = "{Higgs Boson Pair Production in Gluon Fusion at
	Next-to-Leading Order with Full Top-Quark Mass
	Dependence}",
	journal        = "Phys. Rev. Lett.",
	volume         = "117",
	year           = "2016",
	number         = "1",
	pages          = "012001",
	doi            = "10.1103/PhysRevLett.117.079901,
	10.1103/PhysRevLett.117.012001",
	note           = "[Erratum: Phys. Rev. Lett.117,no.7,079901(2016)]",
	eprint         = "1604.06447",
	archivePrefix  = "arXiv",
	primaryClass   = "hep-ph",
	reportNumber   = "MPP-2016-80, NSF-KITP-16-040, ZH-TH-14-16",
	SLACcitation   = "%%CITATION = ARXIV:1604.06447;%%"
}
@article{Heinrich:2019bkc,
	author         = "Heinrich, G. and Jones, S. P. and Kerner, M. and Luisoni,
	G. and Scyboz, L.",
	title          = "{Probing the trilinear Higgs boson coupling in di-Higgs
	production at NLO QCD including parton shower effects}",
	journal        = "JHEP",
	volume         = "06",
	year           = "2019",
	pages          = "066",
	doi            = "10.1007/JHEP06(2019)066",
	eprint         = "1903.08137",
	archivePrefix  = "arXiv",
	primaryClass   = "hep-ph",
	reportNumber   = "CERN-TH-2019-028, MPP-2019-50, ZU-TH-09/19",
	SLACcitation   = "%%CITATION = ARXIV:1903.08137;%%"
}
@article{Baglio:2018lrj,
	author         = "Baglio, Julien and Campanario, Francisco and Glaus,
	Seraina and M√ºhlleitner, Margarete and Spira, Michael and
	Streicher, Juraj",
	title          = "{Gluon fusion into Higgs pairs at NLO QCD and the top
	mass scheme}",
	journal        = "Eur. Phys. J.",
	volume         = "C79",
	year           = "2019",
	number         = "6",
	pages          = "459",
	doi            = "10.1140/epjc/s10052-019-6973-3",
	eprint         = "1811.05692",
	archivePrefix  = "arXiv",
	primaryClass   = "hep-ph",
	reportNumber   = "FTUV-18-1113, IFIC/18-55, KA-TP-32-2018, PSI-PR-18-14",
	SLACcitation   = "%%CITATION = ARXIV:1811.05692;%%"
}
@article{Bonciani:2018omm,
	author         = "Bonciani, Roberto and Degrassi, Giuseppe and Giardino,
	Pier Paolo and Gr√∂ber, Ramona",
	title          = "{Analytical Method for Next-to-Leading-Order QCD
	Corrections to Double-Higgs Production}",
	journal        = "Phys. Rev. Lett.",
	volume         = "121",
	year           = "2018",
	number         = "16",
	pages          = "162003",
	doi            = "10.1103/PhysRevLett.121.162003",
	eprint         = "1806.11564",
	archivePrefix  = "arXiv",
	primaryClass   = "hep-ph",
	SLACcitation   = "%%CITATION = ARXIV:1806.11564;%%"
}
@article{Davies:2019nhm,
	author         = "Davies, Joshua and Gr√∂ber, Ramona and Maier, Andreas and
	Rauh, Thomas and Steinhauser, Matthias",
	title          = "{Top quark mass dependence of the Higgs boson-gluon form
	factor at three loops}",
	journal        = "Phys. Rev.",
	volume         = "D100",
	year           = "2019",
	number         = "3",
	pages          = "034017",
	doi            = "10.1103/PhysRevD.100.034017",
	eprint         = "1906.00982",
	archivePrefix  = "arXiv",
	primaryClass   = "hep-ph",
	reportNumber   = "DESY 19-092, HU-EP-19/13, P3H-19-012, TTP19-014,
	DESY-19-092",
	SLACcitation   = "%%CITATION = ARXIV:1906.00982;%%"
}
@article{Davies:2019djw,
	author         = "Davies, Joshua and Steinhauser, Matthias",
	title          = "{Three-loop form factors for Higgs boson pair production
	in the large top mass limit}",
	year           = "2019",
	eprint         = "1909.01361",
	archivePrefix  = "arXiv",
	primaryClass   = "hep-ph",
	reportNumber   = "P3H-19-030, TTP19-028",
	SLACcitation   = "%%CITATION = ARXIV:1909.01361;%%"
}
@article{Baglio:2012np,
	author         = "Baglio, J. and Djouadi, A. and Gr√∂ber, R. and
	M√ºhlleitner, M. M. and Quevillon, J. and Spira, M.",
	title          = "{The measurement of the Higgs self-coupling at the LHC:
	theoretical status}",
	journal        = "JHEP",
	volume         = "04",
	year           = "2013",
	pages          = "151",
	doi            = "10.1007/JHEP04(2013)151",
	eprint         = "1212.5581",
	archivePrefix  = "arXiv",
	primaryClass   = "hep-ph",
	reportNumber   = "KA-TP-44-2012, SFB-CPP-12-102, LPT-ORSAY-12-124,
	PSI-PR-12-10",
	SLACcitation   = "%%CITATION = ARXIV:1212.5581;%%"
}
@article{Baur:2003gp,
	author         = "Baur, U. and Plehn, T. and Rainwater, David L.",
	title          = "{Probing the Higgs selfcoupling at hadron colliders using
	rare decays}",
	journal        = "Phys. Rev.",
	volume         = "D69",
	year           = "2004",
	pages          = "053004",
	doi            = "10.1103/PhysRevD.69.053004",
	eprint         = "hep-ph/0310056",
	archivePrefix  = "arXiv",
	primaryClass   = "hep-ph",
	reportNumber   = "CERN-TH-2003-186, UB-HET-03-06, DESY-03-103",
	SLACcitation   = "%%CITATION = HEP-PH/0310056;%%"
}
@article{Kling:2016lay,
	author         = "Kling, Felix and Plehn, Tilman and Schichtel, Peter",
	title          = "{Maximizing the significance in Higgs boson pair
	analyses}",
	journal        = "Phys. Rev.",
	volume         = "D95",
	year           = "2017",
	number         = "3",
	pages          = "035026",
	doi            = "10.1103/PhysRevD.95.035026",
	eprint         = "1607.07441",
	archivePrefix  = "arXiv",
	primaryClass   = "hep-ph",
	reportNumber   = "FERMILAB-PUB-16-267-T, IPPP-16-72, MCNET-16-28",
	SLACcitation   = "%%CITATION = ARXIV:1607.07441;%%"
}
@article{Barger:2013jfa,
	author         = "Barger, Vernon and Everett, Lisa L. and Jackson, C. B.
	and Shaughnessy, Gabe",
	title          = "{Higgs-Pair Production and Measurement of the Triscalar
	Coupling at LHC(8,14)}",
	journal        = "Phys. Lett.",
	volume         = "B728",
	year           = "2014",
	pages          = "433-436",
	doi            = "10.1016/j.physletb.2013.12.013",
	eprint         = "1311.2931",
	archivePrefix  = "arXiv",
	primaryClass   = "hep-ph",
	SLACcitation   = "%%CITATION = ARXIV:1311.2931;%%"
}
@article{Adhikary:2017jtu,
	author         = "Adhikary, Amit and Banerjee, Shankha and Barman, Rahool
	Kumar and Bhattacherjee, Biplob and Niyogi, Saurabh",
	title          = "{Revisiting the non-resonant Higgs pair production at the
	HL-LHC}",
	journal        = "JHEP",
	volume         = "07",
	year           = "2018",
	pages          = "116",
	doi            = "10.1007/JHEP07(2018)116",
	eprint         = "1712.05346",
	archivePrefix  = "arXiv",
	primaryClass   = "hep-ph",
	reportNumber   = "LAPTH-062-17, IPPP-17-100, LAPTH-062/17, IPPP/17/100",
	SLACcitation   = "%%CITATION = ARXIV:1712.05346;%%"
}
@article{Grazzini:2018bsd,
	author         = "Grazzini, Massimiliano and Heinrich, Gudrun and Jones,
	Stephen and Kallweit, Stefan and Kerner, Matthias and
	Lindert, Jonas M. and Mazzitelli, Javier",
	title          = "{Higgs boson pair production at NNLO with top quark mass
	effects}",
	journal        = "JHEP",
	volume         = "05",
	year           = "2018",
	pages          = "059",
	doi            = "10.1007/JHEP05(2018)059",
	eprint         = "1803.02463",
	archivePrefix  = "arXiv",
	primaryClass   = "hep-ph",
	reportNumber   = "CERN-TH-2018-044, IPPP/18/15, MPP-2018-30, ZU-TH 10/18,
	IPPP-18-15, ZU-TH-10-18",
	SLACcitation   = "%%CITATION = ARXIV:1803.02463;%%"
}

%%%%%%%%%%%% TOOLS %%%%%%%%%%%%%%%%%%%%%%%%%%%%%%%%%%%%

@article{Ball:2017nwa,
	author         = "Ball, Richard D. and others",
	title          = "{Parton distributions from high-precision collider data}",
	collaboration  = "NNPDF",
	journal        = "Eur. Phys. J.",
	volume         = "C77",
	year           = "2017",
	number         = "10",
	pages          = "663",
	doi            = "10.1140/epjc/s10052-017-5199-5",
	eprint         = "1706.00428",
	archivePrefix  = "arXiv",
	primaryClass   = "hep-ph",
	reportNumber   = "CAVENDISH-HEP-17-06, CERN-TH-2017-077, EDINBURGH-2017-08,
	NIKHEF-2017-006, OUTP-17-04P, TIF-UNIMI-2017-3",
	SLACcitation   = "%%CITATION = ARXIV:1706.00428;%%"
}
@article{Buckley:2014ana,
	author         = "Buckley, Andy and Ferrando, James and Lloyd, Stephen and
	Nordstr√∂m, Karl and Page, Ben and R√ºfenacht, Martin and
	Sch√∂nherr, Marek and Watt, Graeme",
	title          = "{LHAPDF6: parton density access in the LHC precision
	era}",
	journal        = "Eur. Phys. J.",
	volume         = "C75",
	year           = "2015",
	pages          = "132",
	doi            = "10.1140/epjc/s10052-015-3318-8",
	eprint         = "1412.7420",
	archivePrefix  = "arXiv",
	primaryClass   = "hep-ph",
	reportNumber   = "GLAS-PPE-2014-05, MCNET-14-29, IPPP-14-111, DCPT-14-222",
	SLACcitation   = "%%CITATION = ARXIV:1412.7420;%%"
}
@article{Denner:2014gla,
	author         = "Denner, Ansgar and Dittmaier, Stefan and Hofer, Lars",
	title          = "{COLLIER - A fortran-library for one-loop integrals}",
	booktitle      = "{Proceedings, 12th DESY Workshop on Elementary Particle
	Physics: Loops and Legs in Quantum Field Theory (LL2014):
	Weimar, Germany, April 27-May 2, 2014}",
	journal        = "PoS",
	volume         = "LL2014",
	year           = "2014",
	pages          = "071",
	doi            = "10.22323/1.211.0071",
	eprint         = "1407.0087",
	archivePrefix  = "arXiv",
	primaryClass   = "hep-ph",
	SLACcitation   = "%%CITATION = ARXIV:1407.0087;%%"
}
%%%%%%%%%%%% Uncertainties %%%%%%%%%%%%%%%%%%%%%%%%%%%%%%%%%%%%

@article{Demartin:2010er,
	author         = "Demartin, Federico and Forte, Stefano and Mariani, Elisa
	and Rojo, Juan and Vicini, Alessandro",
	title          = "{The impact of PDF and alphas uncertainties on Higgs
	Production in gluon fusion at hadron colliders}",
	journal        = "Phys. Rev.",
	volume         = "D82",
	year           = "2010",
	pages          = "014002",
	doi            = "10.1103/PhysRevD.82.014002",
	eprint         = "1004.0962",
	archivePrefix  = "arXiv",
	primaryClass   = "hep-ph",
	reportNumber   = "IFUM-956-FT",
	SLACcitation   = "%%CITATION = ARXIV:1004.0962;%%"
}
@article{Martin:2009bu,
	author         = "Martin, A. D. and Stirling, W. J. and Thorne, R. S. and
	Watt, G.",
	title          = "{Uncertainties on alpha(S) in global PDF analyses and
	implications for predicted hadronic cross sections}",
	journal        = "Eur. Phys. J.",
	volume         = "C64",
	year           = "2009",
	pages          = "653-680",
	doi            = "10.1140/epjc/s10052-009-1164-2",
	eprint         = "0905.3531",
	archivePrefix  = "arXiv",
	primaryClass   = "hep-ph",
	reportNumber   = "IPPP-09-33, DCPT-09-66, CAVENDISH-HEP-09-06",
	SLACcitation   = "%%CITATION = ARXIV:0905.3531;%%"
}
%%PDG%%

@article{Tanabashi:2018oca,
	author         = "Tanabashi, M. and others",
	title          = "{Review of Particle Physics}",
	collaboration  = "Particle Data Group",
	journal        = "Phys. Rev.",
	volume         = "D98",
	year           = "2018",
	number         = "3",
	pages          = "030001",
	doi            = "10.1103/PhysRevD.98.030001",
	SLACcitation   = "%%CITATION = PHRVA,D98,030001;%%"
}
%% DGLAP
@article{Altarelli:1977zs,
	author         = "Altarelli, Guido and Parisi, G.",
	title          = "{Asymptotic Freedom in Parton Language}",
	journal        = "Nucl. Phys.",
	volume         = "B126",
	year           = "1977",
	pages          = "298-318",
	doi            = "10.1016/0550-3213(77)90384-4",
	reportNumber   = "LPTENS-77-6",
	SLACcitation   = "%%CITATION = NUPHA,B126,298;%%"
}
@article{gribov1972deep,
	author         = "Gribov, V. N. and Lipatov, L. N.",
	title          = "{Deep inelastic e p scattering in perturbation theory}",
	journal        = "Sov. J. Nucl. Phys.",
	volume         = "15",
	year           = "1972",
	pages          = "438-450",
	note           = "[Yad. Fiz.15,781(1972)]",
	reportNumber   = "IPTI-381-71",
	SLACcitation   = "%%CITATION = SJNCA,15,438;%%"
}
@article{Dokshitzer:1977sg,
	author         = "Dokshitzer, Yuri L.",
	title          = "{Calculation of the Structure Functions for Deep
	Inelastic Scattering and e+ e- Annihilation by
	Perturbation Theory in Quantum Chromodynamics.}",
	journal        = "Sov. Phys. JETP",
	volume         = "46",
	year           = "1977",
	pages          = "641-653",
	note           = "[Zh. Eksp. Teor. Fiz.73,1216(1977)]",
	SLACcitation   = "%%CITATION = SPHJA,46,641;%%"
}

%% NLO

@article{Spira:2016ztx,
	author         = "Spira, Michael",
	title          = "{Higgs Boson Production and Decay at Hadron Colliders}",
	journal        = "Prog. Part. Nucl. Phys.",
	volume         = "95",
	year           = "2017",
	pages          = "98-159",
	doi            = "10.1016/j.ppnp.2017.04.001",
	eprint         = "1612.07651",
	archivePrefix  = "arXiv",
	primaryClass   = "hep-ph",
	SLACcitation   = "%%CITATION = ARXIV:1612.07651;%%"
}
@article{Dicus:1998hs,
	author         = "Dicus, D. and Stelzer, T. and Sullivan, Z. and
	Willenbrock, S.",
	title          = "{Higgs boson production in association with bottom quarks
	at next-to-leading order}",
	journal        = "Phys. Rev.",
	volume         = "D59",
	year           = "1999",
	pages          = "094016",
	doi            = "10.1103/PhysRevD.59.094016",
	eprint         = "hep-ph/9811492",
	archivePrefix  = "arXiv",
	primaryClass   = "hep-ph",
	reportNumber   = "DOE-ER-40757-121, UTEXAS-HEP-98-23, ILL-TH-98-5,
	ANL-HEP-PR-98-138, EFI-98-57",
	SLACcitation   = "%%CITATION = HEP-PH/9811492;%%"
}
@article{Field:2004nc,
	author         = "Field, B.",
	title          = "{Higgs boson resummation via bottom-quark fusion}",
	year           = "2004",
	eprint         = "hep-ph/0407254",
	archivePrefix  = "arXiv",
	primaryClass   = "hep-ph",
	reportNumber   = "YITP-SB-04-37, BNL-HET-04-9",
	SLACcitation   = "%%CITATION = HEP-PH/0407254;%%"
}

%%% HDECAY

@article{Djouadi:1997yw,
	author         = "Djouadi, A. and Kalinowski, J. and Spira, M.",
	title          = "{HDECAY: A Program for Higgs boson decays in the standard
	model and its supersymmetric extension}",
	journal        = "Comput. Phys. Commun.",
	volume         = "108",
	year           = "1998",
	pages          = "56-74",
	doi            = "10.1016/S0010-4655(97)00123-9",
	eprint         = "hep-ph/9704448",
	archivePrefix  = "arXiv",
	primaryClass   = "hep-ph",
	reportNumber   = "DESY-97-079, IFT-96-29, PM-97-04",
	SLACcitation   = "%%CITATION = HEP-PH/9704448;%%"
}
@article{Djouadi:2018xqq,
	author         = "Djouadi, Abdelhak and Kalinowski, Jan and Muehlleitner,
	Margarete and Spira, Michael",
	title          = "{HDECAY: Twenty$_{++}$ years after}",
	journal        = "Comput. Phys. Commun.",
	volume         = "238",
	year           = "2019",
	pages          = "214-231",
	doi            = "10.1016/j.cpc.2018.12.010",
	eprint         = "1801.09506",
	archivePrefix  = "arXiv",
	primaryClass   = "hep-ph",
	reportNumber   = "LPT-ORSAY-18-04, CERN-TH-2017-262, LPT-Orsay-18-04,
	KA-TP-03-2018, PSI-PR-18-02",
	SLACcitation   = "%%CITATION = ARXIV:1801.09506;%%"
}

%%%%%%%%% Analysis %%%%%%%%%%%
@article{Azatov:2015oxa,
	author         = "Azatov, Aleksandr and Contino, Roberto and Panico,
	Giuliano and Son, Minho",
	title          = "{Effective field theory analysis of double Higgs boson
	production via gluon fusion}",
	journal        = "Phys. Rev.",
	volume         = "D92",
	year           = "2015",
	number         = "3",
	pages          = "035001",
	doi            = "10.1103/PhysRevD.92.035001",
	eprint         = "1502.00539",
	archivePrefix  = "arXiv",
	primaryClass   = "hep-ph",
	reportNumber   = "CERN-PH-TH-2015-015",
	SLACcitation   = "%%CITATION = ARXIV:1502.00539;%%"
}

@article{Sjostrand:2006za,
	author         = "Sjostrand, Torbjorn and Mrenna, Stephen and Skands, Peter
	Z.",
	title          = "{PYTHIA 6.4 Physics and Manual}",
	journal        = "JHEP",
	volume         = "05",
	year           = "2006",
	pages          = "026",
	doi            = "10.1088/1126-6708/2006/05/026",
	eprint         = "hep-ph/0603175",
	archivePrefix  = "arXiv",
	primaryClass   = "hep-ph",
	reportNumber   = "FERMILAB-PUB-06-052-CD-T, LU-TP-06-13",
	SLACcitation   = "%%CITATION = HEP-PH/0603175;%%"
}

@article{roottuple,
	author         = "David C. Hall",
	title          = "{RootTuple: A library enabling ROOT n-tuple output from FORTRAN HEP programs}",
	eprint         = "http://roottuple.hepforge.org",
}
@article{Cacciari:2011ma,
	author         = "Cacciari, Matteo and Salam, Gavin P. and Soyez, Gregory",
	title          = "{FastJet User Manual}",
	journal        = "Eur. Phys. J.",
	volume         = "C72",
	year           = "2012",
	pages          = "1896",
	doi            = "10.1140/epjc/s10052-012-1896-2",
	eprint         = "1111.6097",
	archivePrefix  = "arXiv",
	primaryClass   = "hep-ph",
	reportNumber   = "CERN-PH-TH-2011-297",
	SLACcitation   = "%%CITATION = ARXIV:1111.6097;%%"
}
@article{Butterworth:2008iy,
	author         = "Butterworth, Jonathan M. and Davison, Adam R. and Rubin,
	Mathieu and Salam, Gavin P.",
	title          = "{Jet substructure as a new Higgs search channel at the
	LHC}",
	journal        = "Phys. Rev. Lett.",
	volume         = "100",
	year           = "2008",
	pages          = "242001",
	doi            = "10.1103/PhysRevLett.100.242001",
	eprint         = "0802.2470",
	archivePrefix  = "arXiv",
	primaryClass   = "hep-ph",
	SLACcitation   = "%%CITATION = ARXIV:0802.2470;%%"
}

@article{Chatrchyan:2012dk,
	author         = "Chatrchyan, Serguei and others",
	title          = "{Inclusive $b$-jet production in $pp$ collisions at
	$\sqrt{s}=7$ TeV}",
	collaboration  = "CMS",
	journal        = "JHEP",
	volume         = "04",
	year           = "2012",
	pages          = "084",
	doi            = "10.1007/JHEP04(2012)084",
	eprint         = "1202.4617",
	archivePrefix  = "arXiv",
	primaryClass   = "hep-ex",
	reportNumber   = "CMS-BPH-11-022, CERN-PH-EP-2012-036",
	SLACcitation   = "%%CITATION = ARXIV:1202.4617;%%"
}
@techreport{CMS:2013vea,
	title         = "{Performance of b tagging at sqrt(s)=8 TeV in multijet,
	ttbar and boosted topology events}",
	institution   = "CERN",
	collaboration = "CMS",
	address       = "Geneva",
	number        = "CMS-PAS-BTV-13-001",
	year          = "2013",
	reportNumber  = "CMS-PAS-BTV-13-001",
	url           = "https://cds.cern.ch/record/1581306",
}
@techreport{ATL-PHYS-PUB-2013-009,
	title         = "{Performance assumptions based on full simulation for an
	upgraded ATLAS detector at a High-Luminosity LHC}",
	institution   = "CERN",
	address       = "Geneva",
	collaboration = "ATLAS",
	number        = "ATL-PHYS-PUB-2013-009",
	year          = "2013",
	reportNumber  = "ATL-PHYS-PUB-2013-009",
	url           = "http://cds.cern.ch/record/1604420",
}
@techreport{CMS:2013aoa,
	title         = "{Photon ID performance with 19.6 fb$^{-1}$ of data
	collected at $\sqrt{s}$ = 8 TeV with the CMS detector}",
	collaboration = "CMS",
	year          = "2013",
	number        = "CMS-DP-2013-010",
	institution   = "CERN",
	address       = "Geneva",
	reportNumber  = "CMS-DP-2013-010",
	url           = "http://cds.cern.ch/record/1542855",
}
@article{Cowan:2010js,
	author         = "Cowan, Glen and Cranmer, Kyle and Gross, Eilam and
	Vitells, Ofer",
	title          = "{Asymptotic formulae for likelihood-based tests of new
	physics}",
	journal        = "Eur. Phys. J.",
	volume         = "C71",
	year           = "2011",
	pages          = "1554",
	doi            = "10.1140/epjc/s10052-011-1554-0,
	10.1140/epjc/s10052-013-2501-z",
	note           = "[Erratum: Eur. Phys. J.C73,2501(2013)]",
	eprint         = "1007.1727",
	archivePrefix  = "arXiv",
	primaryClass   = "physics.data-an",
	SLACcitation   = "%%CITATION = ARXIV:1007.1727;%%"
}

%%%%% c-tagging
@article{Perez:2015aoa,
	author         = "Perez, Gilad and Soreq, Yotam and Stamou, Emmanuel and
	Tobioka, Kohsaku",
	title          = "{Constraining the charm Yukawa and Higgs-quark coupling
	universality}",
	journal        = "Phys. Rev.",
	volume         = "D92",
	year           = "2015",
	number         = "3",
	pages          = "033016",
	doi            = "10.1103/PhysRevD.92.033016",
	eprint         = "1503.00290",
	archivePrefix  = "arXiv",
	primaryClass   = "hep-ph",
	reportNumber   = "KEK-TH-1813",
	SLACcitation   = "%%CITATION = ARXIV:1503.00290;%%"
}
@article{Perez:2015lra,
	author         = "Perez, Gilad and Soreq, Yotam and Stamou, Emmanuel and
	Tobioka, Kohsaku",
	title          = "{Prospects for measuring the Higgs boson coupling to
	light quarks}",
	journal        = "Phys. Rev.",
	volume         = "D93",
	year           = "2016",
	number         = "1",
	pages          = "013001",
	doi            = "10.1103/PhysRevD.93.013001",
	eprint         = "1505.06689",
	archivePrefix  = "arXiv",
	primaryClass   = "hep-ph",
	SLACcitation   = "%%CITATION = ARXIV:1505.06689;%%"
}
@article{Aad:2014xzb,
	author         = "Aad, Georges and others",
	title          = "{Search for the $b\bar{b}$ decay of the Standard Model
	Higgs boson in associated $(W/Z)H$ production with the
	ATLAS detector}",
	collaboration  = "ATLAS",
	journal        = "JHEP",
	volume         = "01",
	year           = "2015",
	pages          = "069",
	doi            = "10.1007/JHEP01(2015)069",
	eprint         = "1409.6212",
	archivePrefix  = "arXiv",
	primaryClass   = "hep-ex",
	reportNumber   = "CERN-PH-EP-2014-214",
	SLACcitation   = "%%CITATION = ARXIV:1409.6212;%%"
}
@article{Chatrchyan:2013zna,
	author         = "Chatrchyan, Serguei and others",
	title          = "{Search for the standard model Higgs boson produced in
	association with a W or a Z boson and decaying to bottom
	quarks}",
	collaboration  = "CMS",
	journal        = "Phys. Rev.",
	volume         = "D89",
	year           = "2014",
	number         = "1",
	pages          = "012003",
	doi            = "10.1103/PhysRevD.89.012003",
	eprint         = "1310.3687",
	archivePrefix  = "arXiv",
	primaryClass   = "hep-ex",
	reportNumber   = "CMS-HIG-13-012, CERN-PH-EP-2013-188",
	SLACcitation   = "%%CITATION = ARXIV:1310.3687;%%"
}
@article{Kim:2015oua,
	author         = "Kim, Doojin and Park, Myeonghun",
	title          = "{Enhancement of new physics signal sensitivity with
	mistagged charm quarks}",
	journal        = "Phys. Lett.",
	volume         = "B758",
	year           = "2016",
	pages          = "190-194",
	doi            = "10.1016/j.physletb.2016.05.008",
	eprint         = "1507.03990",
	archivePrefix  = "arXiv",
	primaryClass   = "hep-ph",
	reportNumber   = "APCTP-PRE2015-016, IPMU15-0088, CETUP2015-012",
	SLACcitation   = "%%CITATION = ARXIV:1507.03990;%%"
}
@article{Aad:2015gna,
	author         = "Aad, Georges and others",
	title          = "{Search for Scalar Charm Quark Pair Production in $pp$
	Collisions at $\sqrt{s}=$ 8  TeV with the ATLAS Detector}",
	collaboration  = "ATLAS",
	journal        = "Phys. Rev. Lett.",
	volume         = "114",
	year           = "2015",
	number         = "16",
	pages          = "161801",
	doi            = "10.1103/PhysRevLett.114.161801",
	eprint         = "1501.01325",
	archivePrefix  = "arXiv",
	primaryClass   = "hep-ex",
	reportNumber   = "CERN-PH-EP-2014-292",
	SLACcitation   = "%%CITATION = ARXIV:1501.01325;%%"
}
@techreport{ATLAS-CONF-2013-063,
	title         = "{Search for single top-quark production via FCNC in strong
	interaction in $\sqrt{s}=8\,\,\mathrm{TeV}$ ATLAS data}",
	collaboration  = "ATLAS",
	institution   = "CERN",
	address       = "Geneva",
	number        = "ATLAS-CONF-2013-063",
	year          = "2013",
	reportNumber  = "ATLAS-CONF-2013-063",
	url           = "http://cds.cern.ch/record/1562777",
}
@techreport{ATL-PHYS-PUB-2015-018,
	title         = "{Track Reconstruction Performance of the ATLAS Inner
	Detector at $\sqrt{s}=13$~TeV}",
	collaboration  = "ATLAS",
	institution   = "CERN",
	address       = "Geneva",
	number        = "ATL-PHYS-PUB-2015-018",
	year          = "2015",
	reportNumber  = "ATL-PHYS-PUB-2015-018",
	url           = "http://cds.cern.ch/record/2037683",
}
@techreport{Capeans:1291633,
	author        = "Capeans, M and Darbo, G and Einsweiller, K and Elsing, M
	and Flick, T and Garcia-Sciveres, M and Gemme, C and
	Pernegger, H and Rohne, O and Vuillermet, R",
	title         = "{ATLAS Insertable B-Layer Technical Design Report}",
	collaboration = "ATLAS",
	number        = "CERN-LHCC-2010-013. ATLAS-TDR-19",
	year          = "2010",
	reportNumber  = "CERN-LHCC-2010-013",
	url           = "https://cds.cern.ch/record/1291633",
}
%%%%%%%%%%%% Higgs width %%%%%%%%%%%%%%%%%%%%%%%%%%%%%%%%%
@article{Englert:2014aca,
	author         = "Englert, Christoph and Spannowsky, Michael",
	title          = "{Limitations and Opportunities of Off-Shell Coupling
	Measurements}",
	journal        = "Phys. Rev.",
	volume         = "D90",
	year           = "2014",
	pages          = "053003",
	doi            = "10.1103/PhysRevD.90.053003",
	eprint         = "1405.0285",
	archivePrefix  = "arXiv",
	primaryClass   = "hep-ph",
	reportNumber   = "IPPP-14-37, DCPT-14-74",
	SLACcitation   = "%%CITATION = ARXIV:1405.0285;%%"
}
@article{Caola:2013yja,
	author         = "Caola, Fabrizio and Melnikov, Kirill",
	title          = "{Constraining the Higgs boson width with ZZ production at
	the LHC}",
	journal        = "Phys. Rev.",
	volume         = "D88",
	year           = "2013",
	pages          = "054024",
	doi            = "10.1103/PhysRevD.88.054024",
	eprint         = "1307.4935",
	archivePrefix  = "arXiv",
	primaryClass   = "hep-ph",
	SLACcitation   = "%%CITATION = ARXIV:1307.4935;%%"
}
@article{Sirunyan:2019twz,
	author         = "Sirunyan, Albert M and others",
	title          = "{Measurements of the Higgs boson width and anomalous
	$HVV$ couplings from on-shell and off-shell production in
	the four-lepton final state}",
	collaboration  = "CMS",
	journal        = "Phys. Rev.",
	volume         = "D99",
	year           = "2019",
	number         = "11",
	pages          = "112003",
	doi            = "10.1103/PhysRevD.99.112003",
	eprint         = "1901.00174",
	archivePrefix  = "arXiv",
	primaryClass   = "hep-ex",
	reportNumber   = "CMS-HIG-18-002, CERN-EP-2018-329",
	SLACcitation   = "%%CITATION = ARXIV:1901.00174;%%"
}
@article{Aaboud:2018puo,
	author         = "Aaboud, Morad and others",
	title          = "{Constraints on off-shell Higgs boson production and the
	Higgs boson total width in $ZZ\to4\ell$ and
	$ZZ\to2\ell2\nu$ final states with the ATLAS detector}",
	collaboration  = "ATLAS",
	journal        = "Phys. Lett.",
	volume         = "B786",
	year           = "2018",
	pages          = "223-244",
	doi            = "10.1016/j.physletb.2018.09.048",
	eprint         = "1808.01191",
	archivePrefix  = "arXiv",
	primaryClass   = "hep-ex",
	reportNumber   = "CERN-EP-2018-178",
	SLACcitation   = "%%CITATION = ARXIV:1808.01191;%%"
}
@article{Grober:2017uho,
	author         = "Gr{\"o}ber, Ramona and Maier, Andreas and Rauh, Thomas",
	title          = "{Reconstruction of top-quark mass effects in Higgs pair
	production and other gluon-fusion processes}",
	journal        = "JHEP",
	volume         = "03",
	year           = "2018",
	pages          = "020",
	doi            = "10.1007/JHEP03(2018)020",
	eprint         = "1709.07799",
	archivePrefix  = "arXiv",
	primaryClass   = "hep-ph",
	reportNumber   = "IPPP-17-70",
	SLACcitation   = "%%CITATION = ARXIV:1709.07799;%%"
}
@article{Degrassi:2016vss,
	author         = "Degrassi, Giuseppe and Giardino, Pier Paolo and Gr√∂ber,
	Ramona",
	title          = "{On the two-loop virtual QCD corrections to Higgs boson
	pair production in the Standard Model}",
	journal        = "Eur. Phys. J.",
	volume         = "C76",
	year           = "2016",
	number         = "7",
	pages          = "411",
	doi            = "10.1140/epjc/s10052-016-4256-9",
	eprint         = "1603.00385",
	archivePrefix  = "arXiv",
	primaryClass   = "hep-ph",
	SLACcitation   = "%%CITATION = ARXIV:1603.00385;%%"
}
@article{Grigo:2013rya,
	author         = "Grigo, Jonathan and Hoff, Jens and Melnikov, Kirill and
	Steinhauser, Matthias",
	title          = "{On the Higgs boson pair production at the LHC}",
	journal        = "Nucl. Phys.",
	volume         = "B875",
	year           = "2013",
	pages          = "1-17",
	doi            = "10.1016/j.nuclphysb.2013.06.024",
	eprint         = "1305.7340",
	archivePrefix  = "arXiv",
	primaryClass   = "hep-ph",
	reportNumber   = "SFB-CPP-13-29, TTP13-13, LPN13-030",
	SLACcitation   = "%%CITATION = ARXIV:1305.7340;%%"
}
@article{Grigo:2014jma,
	author         = "Grigo, Jonathan and Melnikov, Kirill and Steinhauser,
	Matthias",
	title          = "{Virtual corrections to Higgs boson pair production in
	the large top quark mass limit}",
	journal        = "Nucl. Phys.",
	volume         = "B888",
	year           = "2014",
	pages          = "17-29",
	doi            = "10.1016/j.nuclphysb.2014.09.003",
	eprint         = "1408.2422",
	archivePrefix  = "arXiv",
	primaryClass   = "hep-ph",
	reportNumber   = "TTP14-024, LPN14-101",
	SLACcitation   = "%%CITATION = ARXIV:1408.2422;%%"
}
@article{deFlorian:2013jea,
	author         = "de Florian, Daniel and Mazzitelli, Javier",
	title          = "{Higgs Boson Pair Production at Next-to-Next-to-Leading
	Order in QCD}",
	journal        = "Phys. Rev. Lett.",
	volume         = "111",
	year           = "2013",
	pages          = "201801",
	doi            = "10.1103/PhysRevLett.111.201801",
	eprint         = "1309.6594",
	archivePrefix  = "arXiv",
	primaryClass   = "hep-ph",
	SLACcitation   = "%%CITATION = ARXIV:1309.6594;%%"
}
@article{Davies:2018qvx,
	author         = "Davies, Joshua and Mishima, Go and Steinhauser, Matthias
	and Wellmann, David",
	title          = "{Double Higgs boson production at NLO in the high-energy
	limit: complete analytic results}",
	journal        = "JHEP",
	volume         = "01",
	year           = "2019",
	pages          = "176",
	doi            = "10.1007/JHEP01(2019)176",
	eprint         = "1811.05489",
	archivePrefix  = "arXiv",
	primaryClass   = "hep-ph",
	reportNumber   = "TTP18-039",
	SLACcitation   = "%%CITATION = ARXIV:1811.05489;%%"
}
@article{deFlorian:2015moa,
	author         = "de Florian, Daniel and Mazzitelli, Javier",
	title          = "{Higgs pair production at next-to-next-to-leading
	logarithmic accuracy at the LHC}",
	journal        = "JHEP",
	volume         = "09",
	year           = "2015",
	pages          = "053",
	doi            = "10.1007/JHEP09(2015)053",
	eprint         = "1505.07122",
	archivePrefix  = "arXiv",
	primaryClass   = "hep-ph",
	SLACcitation   = "%%CITATION = ARXIV:1505.07122;%%"
}
@article{Balazs:1998sb,
	author         = "Balazs, Csaba and He, Hong-Jian and Yuan, C. P.",
	title          = "{QCD corrections to scalar production via heavy quark
	fusion at hadron colliders}",
	journal        = "Phys. Rev.",
	volume         = "D60",
	year           = "1999",
	pages          = "114001",
	doi            = "10.1103/PhysRevD.60.114001",
	eprint         = "hep-ph/9812263",
	archivePrefix  = "arXiv",
	primaryClass   = "hep-ph",
	reportNumber   = "MSUHEP-81010A",
	SLACcitation   = "%%CITATION = HEP-PH/9812263;%%"
}
@article{Harlander:2003ai,
	author         = "Harlander, Robert V. and Kilgore, William B.",
	title          = "{Higgs boson production in bottom quark fusion at
	next-to-next-to leading order}",
	journal        = "Phys. Rev.",
	volume         = "D68",
	year           = "2003",
	pages          = "013001",
	doi            = "10.1103/PhysRevD.68.013001",
	eprint         = "hep-ph/0304035",
	archivePrefix  = "arXiv",
	primaryClass   = "hep-ph",
	reportNumber   = "BNL-HET-03-4, CERN-TH-2003-067",
	SLACcitation   = "%%CITATION = HEP-PH/0304035;%%"
}
@article{H:2018hqz,
	author         = "Ajjath, A. H. and Banerjee, Pulak and Chakraborty, Amlan
	and Dhani, Prasanna K. and Mukherjee, Pooja and Rana,
	Narayan and Ravindran, V.",
	title          = "{Higgs pair production from bottom quark annihilation to
	NNLO in QCD}",
	journal        = "JHEP",
	volume         = "05",
	year           = "2019",
	pages          = "030",
	doi            = "10.1007/JHEP05(2019)030",
	eprint         = "1811.01853",
	archivePrefix  = "arXiv",
	primaryClass   = "hep-ph",
	reportNumber   = "DESY-18‚Äì166, IMSc/2018/11/09, DESY 18--166,
	TIF-UNIMI-2018-9",
	SLACcitation   = "%%CITATION = ARXIV:1811.01853;%%"
}
@article{Dawson:2006dm,
	author         = "Dawson, Sally and Kao, Chung and Wang, Yili and Williams,
	Peter",
	title          = "{QCD Corrections to Higgs Pair Production in Bottom Quark
	Fusion}",
	journal        = "Phys. Rev.",
	volume         = "D75",
	year           = "2007",
	pages          = "013007",
	doi            = "10.1103/PhysRevD.75.013007",
	eprint         = "hep-ph/0610284",
	archivePrefix  = "arXiv",
	primaryClass   = "hep-ph",
	reportNumber   = "FERMILAB-PUB-06-378-T",
	SLACcitation   = "%%CITATION = HEP-PH/0610284;%%"
}
%%%%%%%%%%%%%% Higgs force/ non collider %%%%%%%%%%%%%%%%%%%
@article{Delaunay:2016brc,
	author         = "Delaunay, C√©dric and Ozeri, Roee and Perez, Gilad and
	Soreq, Yotam",
	title          = "{Probing Atomic Higgs-like Forces at the Precision
	Frontier}",
	journal        = "Phys. Rev.",
	volume         = "D96",
	year           = "2017",
	number         = "9",
	pages          = "093001",
	doi            = "10.1103/PhysRevD.96.093001",
	eprint         = "1601.05087",
	archivePrefix  = "arXiv",
	primaryClass   = "hep-ph",
	SLACcitation   = "%%CITATION = ARXIV:1601.05087;%%"
}


@article{heard2018choosing,
	author="Heard, Nicholas A and Rubin-Delanchy, Patrick",
	title= "Choosing between methods of combining-values",
	journal="Biometrika",
	volume="105",
	number="1",
	year="2018"
}
%%%%%%%%% chiral Lagrangian %%%%%%%%%%%%%
@article{Coleman:1969sm,
	author         = "Coleman, Sidney R. and Wess, J. and Zumino, Bruno",
	title          = "{Structure of phenomenological Lagrangians. 1.}",
	journal        = "Phys. Rev.",
	volume         = "177",
	year           = "1969",
	pages          = "2239-2247",
	doi            = "10.1103/PhysRev.177.2239",
	SLACcitation   = "%%CITATION = PHRVA,177,2239;%%"
}
@article{Callan:1969sn,
	author         = "Callan, Jr., Curtis G. and Coleman, Sidney R. and Wess,
	J. and Zumino, Bruno",
	title          = "{Structure of phenomenological Lagrangians. 2.}",
	journal        = "Phys. Rev.",
	volume         = "177",
	year           = "1969",
	pages          = "2247-2250",
	doi            = "10.1103/PhysRev.177.2247",
	SLACcitation   = "%%CITATION = PHRVA,177,2247;%%"
}
@article{Contino:2010mh,
	author         = "Contino, Roberto and Grojean, Christophe and Moretti,
	Mauro and Piccinini, Fulvio and Rattazzi, Riccardo",
	title          = "{Strong Double Higgs Production at the LHC}",
	journal        = "JHEP",
	volume         = "05",
	year           = "2010",
	pages          = "089",
	doi            = "10.1007/JHEP05(2010)089",
	eprint         = "1002.1011",
	archivePrefix  = "arXiv",
	primaryClass   = "hep-ph",
	reportNumber   = "CERN-PH-TH-2009-036",
	SLACcitation   = "%%CITATION = ARXIV:1002.1011;%%"
}
%%%%%%%%%%%%%%%%%%%%% 2hdm
@techreport{hill1977higgs,
	title={Higgs scalars and the nonleptonic weak interactions},
	author={Hill, Christopher Thaddeus},
	year={1977}
}
@phdthesis{Diaz:2002tp,
	author         = "Diaz, Rodolfo Alexander",
	title          = "{Phenomenological analysis of the two Higgs doublet
	model}",
	school         = "Colombia, U. Natl.",
	year           = "2002",
	eprint         = "hep-ph/0212237",
	archivePrefix  = "arXiv",
	primaryClass   = "hep-ph",
	SLACcitation   = "%%CITATION = HEP-PH/0212237;%%"
}

@article{Gunion:1989we,
	author         = "Gunion, John F. and Haber, Howard E. and Kane, Gordon L.
	and Dawson, Sally",
	title          = "{The Higgs Hunter's Guide}",
	journal        = "Front. Phys.",
	volume         = "80",
	year           = "2000",
	pages          = "1-404",
	reportNumber   = "SCIPP-89/13, UCD-89-4, BNL-41644",
	SLACcitation   = "%%CITATION = FRPHA,80,1;%%"
}

@article{Branco:2011iw,
	author         = "Branco, G. C. and Ferreira, P. M. and Lavoura, L. and
	Rebelo, M. N. and Sher, Marc and Silva, Joao P.",
	title          = "{Theory and phenomenology of two-Higgs-doublet models}",
	journal        = "Phys. Rept.",
	volume         = "516",
	year           = "2012",
	pages          = "1-102",
	doi            = "10.1016/j.physrep.2012.02.002",
	eprint         = "1106.0034",
	archivePrefix  = "arXiv",
	primaryClass   = "hep-ph",
	SLACcitation   = "%%CITATION = ARXIV:1106.0034;%%"
}

@article{Goudelis:2011un,
	author         = "Goudelis, Andreas and Lebedev, Oleg and Park, Jae-hyeon",
	title          = "{Higgs-induced lepton flavor violation}",
	journal        = "Phys. Lett.",
	volume         = "B707",
	year           = "2012",
	pages          = "369-374",
	doi            = "10.1016/j.physletb.2011.12.059",
	eprint         = "1111.1715",
	archivePrefix  = "arXiv",
	primaryClass   = "hep-ph",
	reportNumber   = "DESY-11-194",
	SLACcitation   = "%%CITATION = ARXIV:1111.1715;%%"
}

@article{Castillo:2013uda,
	author         = "Castillo, Andr√©s and Diaz, Rodolfo A. and Morales, Jhon",
	title          = "{Unitarity constraints for Yukawa couplings in the two
	Higgs doublet model type III}",
	journal        = "Int. J. Mod. Phys.",
	volume         = "A29",
	year           = "2014",
	number         = "18",
	pages          = "1450085",
	doi            = "10.1142/S0217751X14500857",
	eprint         = "1309.0831",
	archivePrefix  = "arXiv",
	primaryClass   = "hep-ph",
	SLACcitation   = "%%CITATION = ARXIV:1309.0831;%%"
}
@article{Cheng:1987rs,
	author         = "Cheng, T. P. and Sher, Marc",
	title          = "{Mass Matrix Ansatz and Flavor Nonconservation in Models
	with Multiple Higgs Doublets}",
	journal        = "Phys. Rev.",
	volume         = "D35",
	year           = "1987",
	pages          = "3484",
	doi            = "10.1103/PhysRevD.35.3484",
	reportNumber   = "WU-TH-87-1",
	SLACcitation   = "%%CITATION = PHRVA,D35,3484;%%"
}
@article{Lin:2016wwu,
	author         = "Lin, Chilong",
	title          = "{Theoretical Origin of CP violation in the FCNC-free 2HDM
	and Its Extensions to the Standard Model and 3HDM}",
	year           = "2016",
	eprint         = "1612.02891",
	archivePrefix  = "arXiv",
	primaryClass   = "hep-ph",
	SLACcitation   = "%%CITATION = ARXIV:1612.02891;%%"
}

@article{Eriksson:2009ws,
	author         = "Eriksson, David and Rathsman, Johan and Stal, Oscar",
	title          = "{2HDMC: Two-Higgs-Doublet Model Calculator Physics and
	Manual}",
	journal        = "Comput. Phys. Commun.",
	volume         = "181",
	year           = "2010",
	pages          = "189-205",
	doi            = "10.1016/j.cpc.2009.09.011",
	eprint         = "0902.0851",
	archivePrefix  = "arXiv",
	primaryClass   = "hep-ph",
	SLACcitation   = "%%CITATION = ARXIV:0902.0851;%%"
}

@article{Craig:2012vn,
	author         = "Craig, Nathaniel and Thomas, Scott",
	title          = "{Exclusive Signals of an Extended Higgs Sector}",
	journal        = "JHEP",
	volume         = "11",
	year           = "2012",
	pages          = "083",
	doi            = "10.1007/JHEP11(2012)083",
	eprint         = "1207.4835",
	archivePrefix  = "arXiv",
	primaryClass   = "hep-ph",
	reportNumber   = "RU-NHETC-2012-15",
	SLACcitation   = "%%CITATION = ARXIV:1207.4835;%%"
}
@article{Branco:1996bq,
	author         = "Branco, G. C. and Grimus, W. and Lavoura, L.",
	title          = "{Relating the scalar flavor changing neutral couplings to
	the CKM matrix}",
	journal        = "Phys. Lett.",
	volume         = "B380",
	year           = "1996",
	pages          = "119-126",
	doi            = "10.1016/0370-2693(96)00494-7",
	eprint         = "hep-ph/9601383",
	archivePrefix  = "arXiv",
	primaryClass   = "hep-ph",
	reportNumber   = "FISIST-1-96-CFIF",
	SLACcitation   = "%%CITATION = HEP-PH/9601383;%%"
}

%%%%%%%%%%%%%%%% technicolour

@article{Jackiw:1973tr,
	author         = "Jackiw, R. and Johnson, K.",
	title          = "{Dynamical Model of Spontaneously Broken Gauge
	Symmetries}",
	journal        = "Phys. Rev.",
	volume         = "D8",
	year           = "1973",
	pages          = "2386-2398",
	doi            = "10.1103/PhysRevD.8.2386",
	SLACcitation   = "%%CITATION = PHRVA,D8,2386;%%"
}

@article{Cornwall:1974hz,
	author         = "Cornwall, J. M.",
	title          = "{Spontaneous Symmetry Breaking Without Scalar Mesons.
	2.}",
	journal        = "Phys. Rev.",
	volume         = "D10",
	year           = "1974",
	pages          = "500",
	doi            = "10.1103/PhysRevD.10.500",
	reportNumber   = "IPNO-TH-74-10",
	SLACcitation   = "%%CITATION = PHRVA,D10,500;%%"
}

@article{Weinberg:1975gm,
	author         = "Weinberg, Steven",
	title          = "{Implications of Dynamical Symmetry Breaking}",
	journal        = "Phys. Rev.",
	volume         = "D13",
	year           = "1976",
	pages          = "974-996",
	doi            = "10.1103/PhysRevD.19.1277, 10.1103/PhysRevD.13.974",
	note           = "[Addendum: Phys. Rev.D19,1277(1979)]",
	reportNumber   = "PRINT-75-0804 (HARVARD)",
	SLACcitation   = "%%CITATION = PHRVA,D13,974;%%"
}

@article{Susskind:1978ms,
	author         = "Susskind, Leonard",
	title          = "{Dynamics of Spontaneous Symmetry Breaking in the
	Weinberg-Salam Theory}",
	journal        = "Phys. Rev.",
	volume         = "D20",
	year           = "1979",
	pages          = "2619-2625",
	doi            = "10.1103/PhysRevD.20.2619",
	reportNumber   = "SLAC-PUB-2142",
	SLACcitation   = "%%CITATION = PHRVA,D20,2619;%%"
}

# bounds
@article{Peskin:1990zt,
	author         = "Peskin, Michael E. and Takeuchi, Tatsu",
	title          = "{A New constraint on a strongly interacting Higgs
	sector}",
	journal        = "Phys. Rev. Lett.",
	volume         = "65",
	year           = "1990",
	pages          = "964-967",
	doi            = "10.1103/PhysRevLett.65.964",
	reportNumber   = "SLAC-PUB-5272",
	SLACcitation   = "%%CITATION = PRLTA,65,964;%%"
}

@article{Lynn:1984rk,
	author         = "Lynn, B. W. and Stuart, R. G.",
	title          = "{Standard Model Electroweak Radiative Corrections to
	Longitudinal Polarization Asymmetry A(Pol) and
	Forward-Backward Asymmetry A(FB) in e+ e- ---> mu+ mu- on
	and off the Z0 Resonance}",
	journal        = "Nucl. Phys.",
	volume         = "B253",
	year           = "1985",
	pages          = "216-230",
	doi            = "10.1016/0550-3213(85)90528-0",
	reportNumber   = "IC/84/46",
	SLACcitation   = "%%CITATION = NUPHA,B253,216;%%"
}

# extended

@article{dimopoulos1979mass,
	title={Mass without scalars},
	author={Dimopoulos, Savas and Susskind, Leonard},
	journal={Nuclear Physics B},
	volume={155},
	number={1},
	pages={237--252},
	year={1979},
	publisher={Elsevier}
}
@article{Eichten:1979ah,
	author         = "Eichten, Estia and Lane, Kenneth D.",
	title          = "{Dynamical Breaking of Weak Interaction Symmetries}",
	journal        = "Phys. Lett.",
	volume         = "90B",
	year           = "1980",
	pages          = "125-130",
	doi            = "10.1016/0370-2693(80)90065-9",
	reportNumber   = "HUTP-79-A062",
	SLACcitation   = "%%CITATION = PHLTA,90B,125;%%"
}

##########Composite Higgs models

# general
@article{KAPLAN1984187,
	title = "Composite Higgs scalars",
	journal = "Physics Letters B",
	volume = "136",
	number = "3",
	pages = "187 - 190",
	year = "1984",
	issn = "0370-2693",
	doi = "https://doi.org/10.1016/0370-2693(84)91178-X",
	%url = "http://www.sciencedirect.com/science/article/pii/037026938491178X",
	author = "David B. Kaplan and Howard Georgi and Savas Dimopoulos",
	abstract = "We construct models in which the Higgs doublet whose vacuum expectation breaks SU(2) √ó U(10 is a bound state of massive strongly interacting fermions. The couplings of the composite Higgs to ordinary fermions are induced by heavy gauge boson exchange in the manner of extended technicolor. Other heavy gauge bosons generate a negative mass term for the Higgs."
}
@article{dimopoulos1982massless,
	title={Massless composites with massive constituents},
	author={Dimopoulos, Savas and Preskill, John},
	journal={Nuclear Physics B},
	volume={199},
	number={2},
	pages={206--222},
	year={1982},
	publisher={Elsevier}
}
@article{BANKS1984125,
	title = "Constraints on SU2√óU1 breaking by vacuum misalignment",
	journal = "Nuclear Physics B",
	volume = "243",
	number = "1",
	pages = "125 - 130",
	year = "1984",
	issn = "0550-3213",
	doi = "https://doi.org/10.1016/0550-3213(84)90389-4",
	%url = "http://www.sciencedirect.com/science/article/pii/0550321384903894",
	author = "Thomas Banks",
	abstract = "We examine a proposal of Georgi and Kaplan for raising the scale of technicolor. In scalarless vectorlike technicolor models with massless techni-fermions we show that the proposal does not work. We present a simple model which realizes the Georgi-Kaplan scenario with a partially chiral technicolor group. The model requires fine tuning of the ratio of two weak coupling constants with an accuracy of O(10‚àí4). We argue that the fine-tuning problem is quite general."
}
@article{kaplan1984composite,
	title={Composite higgs scalars},
	author={Kaplan, David B and Georgi, Howard and Dimopoulos, Savas},
	journal={Physics Letters B},
	volume={136},
	number={3},
	pages={187--190},
	year={1984},
	publisher={Elsevier}
}
@article{georgi1984calculation,
	title={Calculation of the composite Higgs mass},
	author={Georgi, Howard and Kaplan, David B and Galison, Peter},
	journal={Physics Letters B},
	volume={143},
	number={1-3},
	pages={152--154},
	year={1984},
	publisher={Elsevier}
}
@article{georgi1984composite,
	title={Composite Higgs and custodial SU (2)},
	author={Georgi, Howard and Kaplan, David B},
	journal={Physics Letters B},
	volume={145},
	number={3-4},
	pages={216--220},
	year={1984},
	publisher={Elsevier}
}
@article{dugan1985anatomy,
	title={Anatomy of a composite Higgs model},
	author={Dugan, Michael J and Georgi, Howard and Kaplan, David B},
	journal={Nuclear Physics B},
	volume={254},
	pages={299--326},
	year={1985},
	publisher={Elsevier}
}

# MCHM

@article{Agashe:2004rs,
	author         = "Agashe, Kaustubh and Contino, Roberto and Pomarol, Alex",
	title          = "{The Minimal composite Higgs model}",
	journal        = "Nucl. Phys.",
	volume         = "B719",
	year           = "2005",
	pages          = "165-187",
	doi            = "10.1016/j.nuclphysb.2005.04.035",
	eprint         = "hep-ph/0412089",
	archivePrefix  = "arXiv",
	primaryClass   = "hep-ph",
	reportNumber   = "UAB-FT-567",
	SLACcitation   = "%%CITATION = HEP-PH/0412089;%%"
}

@article{Contino:2006qr,
	author         = "Contino, Roberto and Da Rold, Leandro and Pomarol, Alex",
	title          = "{Light custodians in natural composite Higgs models}",
	journal        = "Phys. Rev.",
	volume         = "D75",
	year           = "2007",
	pages          = "055014",
	doi            = "10.1103/PhysRevD.75.055014",
	eprint         = "hep-ph/0612048",
	archivePrefix  = "arXiv",
	primaryClass   = "hep-ph",
	reportNumber   = "UAB-FT-619, ROMA1-1445-2006",
	SLACcitation   = "%%CITATION = HEP-PH/0612048;%%"
}

@article{Bini:2011zb,
	author         = "Bini, Cesare and Contino, Roberto and Vignaroli,
	Natascia",
	title          = "{Heavy-light decay topologies as a new strategy to
	discover a heavy gluon}",
	journal        = "JHEP",
	volume         = "01",
	year           = "2012",
	pages          = "157",
	doi            = "10.1007/JHEP01(2012)157",
	eprint         = "1110.6058",
	archivePrefix  = "arXiv",
	primaryClass   = "hep-ph",
	SLACcitation   = "%%CITATION = ARXIV:1110.6058;%%"
}


SO(7)
@article{DaRold:2019ccj,
	author         = "Da Rold, Leandro and Rossia, Alejo N.",
	title          = "{The Minimal Simple Composite Higgs Model}",
	year           = "2019",
	eprint         = "1904.02560",
	archivePrefix  = "arXiv",
	primaryClass   = "hep-ph",
	reportNumber   = "DESY-19-005",
	SLACcitation   = "%%CITATION = ARXIV:1904.02560;%%"
}
@article{Davoli:2019tpx,
	author         = "Davoli, Alessandro and De Simone, Andrea and Marzocca,
	David and Morandini, Alessandro",
	title          = "{Composite 2HDM with singlets: a viable dark matter
	scenario}",
	year           = "2019",
	eprint         = "1905.13244",
	archivePrefix  = "arXiv",
	primaryClass   = "hep-ph",
	SLACcitation   = "%%CITATION = ARXIV:1905.13244;%%"
}

#partially composite leptons

@article{Carmona:2013cq,
	author         = "Carmona, Adrian and Goertz, Florian",
	title          = "{Custodial Leptons and Higgs Decays}",
	journal        = "JHEP",
	volume         = "04",
	year           = "2013",
	pages          = "163",
	doi            = "10.1007/JHEP04(2013)163",
	eprint         = "1301.5856",
	archivePrefix  = "arXiv",
	primaryClass   = "hep-ph",
	SLACcitation   = "%%CITATION = ARXIV:1301.5856;%%"
}

Top partners

@article{Gillioz:2008hs,
	author         = "Gillioz, Marc",
	title          = "{A Light composite Higgs boson facing electroweak
	precision tests}",
	journal        = "Phys. Rev.",
	volume         = "D80",
	year           = "2009",
	pages          = "055003",
	doi            = "10.1103/PhysRevD.80.055003",
	eprint         = "0806.3450",
	archivePrefix  = "arXiv",
	primaryClass   = "hep-ph",
	SLACcitation   = "%%CITATION = ARXIV:0806.3450;%%"
}
@article{Anastasiou:2009rv,
	author         = "Anastasiou, Charalampos and Furlan, Elisabetta and
	Santiago, Jose",
	title          = "{Realistic Composite Higgs Models}",
	journal        = "Phys. Rev.",
	volume         = "D79",
	year           = "2009",
	pages          = "075003",
	doi            = "10.1103/PhysRevD.79.075003",
	eprint         = "0901.2117",
	archivePrefix  = "arXiv",
	primaryClass   = "hep-ph",
	SLACcitation   = "%%CITATION = ARXIV:0901.2117;%%"
}
@article{Gillioz:2012se,
	author         = "Gillioz, M. and Grober, R. and Grojean, C. and
	Muhlleitner, M. and Salvioni, E.",
	title          = "{Higgs Low-Energy Theorem (and its corrections) in
	Composite Models}",
	journal        = "JHEP",
	volume         = "10",
	year           = "2012",
	pages          = "004",
	doi            = "10.1007/JHEP10(2012)004",
	eprint         = "1206.7120",
	archivePrefix  = "arXiv",
	primaryClass   = "hep-ph",
	reportNumber   = "CERN-PH-TH-2012-176, KA-TP-26-2012, SFB-CPP-12-43,
	ZU-TH-09-12, LPN12-062",
	SLACcitation   = "%%CITATION = ARXIV:1206.7120;%%"
}
beauty partners

@article{Gillioz:2013pba,
	author         = "Gillioz, Marc and Gr√∂ber, Ramona and Kapuvari, Andreas
	and M√ºhlleitner, Margarete",
	title          = "{Vector-like Bottom Quarks in Composite Higgs Models}",
	journal        = "JHEP",
	volume         = "03",
	year           = "2014",
	pages          = "037",
	doi            = "10.1007/JHEP03(2014)037",
	eprint         = "1311.4453",
	archivePrefix  = "arXiv",
	primaryClass   = "hep-ph",
	SLACcitation   = "%%CITATION = ARXIV:1311.4453;%%"
}

light flavours

@article{Delaunay:2013iia,
	author         = "Delaunay, C√©dric and Grojean, Christophe and Perez,
	Gilad",
	title          = "{Modified Higgs Physics from Composite Light Flavors}",
	journal        = "JHEP",
	volume         = "09",
	year           = "2013",
	pages          = "090",
	doi            = "10.1007/JHEP09(2013)090",
	eprint         = "1303.5701",
	archivePrefix  = "arXiv",
	primaryClass   = "hep-ph",
	reportNumber   = "CERN-PH-TH-2013-045",
	SLACcitation   = "%%CITATION = ARXIV:1303.5701;%%"
}
@article{Delaunay:2013pwa,
	author         = "Delaunay, C√©dric and Flacke, Thomas and Gonzalez-Fraile,
	J. and Lee, Seung J. and Panico, Giuliano and Perez,
	Gilad",
	title          = "{Light Non-degenerate Composite Partners at the LHC}",
	journal        = "JHEP",
	volume         = "02",
	year           = "2014",
	pages          = "055",
	doi            = "10.1007/JHEP02(2014)055",
	eprint         = "1311.2072",
	archivePrefix  = "arXiv",
	primaryClass   = "hep-ph",
	reportNumber   = "CERN-PH-TH-2013-259, LAPTH-064-13",
	SLACcitation   = "%%CITATION = ARXIV:1311.2072;%%"
}

# experimental constraints

@article{Csaki:2008zd,
	author         = "Csaki, Csaba and Falkowski, Adam and Weiler, Andreas",
	title          = "{The Flavor of the Composite Pseudo-Goldstone Higgs}",
	journal        = "JHEP",
	volume         = "09",
	year           = "2008",
	pages          = "008",
	doi            = "10.1088/1126-6708/2008/09/008",
	eprint         = "0804.1954",
	archivePrefix  = "arXiv",
	primaryClass   = "hep-ph",
	SLACcitation   = "%%CITATION = ARXIV:0804.1954;%%"
}

@article{Redi:2011zi,
	author         = "Redi, Michele and Weiler, Andreas",
	title          = "{Flavor and CP Invariant Composite Higgs Models}",
	journal        = "JHEP",
	volume         = "11",
	year           = "2011",
	pages          = "108",
	doi            = "10.1007/JHEP11(2011)108",
	eprint         = "1106.6357",
	archivePrefix  = "arXiv",
	primaryClass   = "hep-ph",
	reportNumber   = "DESY-11-109, CERN-PH-TH-154",
	SLACcitation   = "%%CITATION = ARXIV:1106.6357;%%"
}
@article{Dery:2017axi,
	author         = "Dery, Avital and Frugiuele, Claudia and Nir, Yosef",
	title          = "{Large Higgs-electron Yukawa coupling in 2HDM}",
	journal        = "JHEP",
	volume         = "04",
	year           = "2018",
	pages          = "044",
	doi            = "10.1007/JHEP04(2018)044",
	eprint         = "1712.04514",
	archivePrefix  = "arXiv",
	primaryClass   = "hep-ph",
	SLACcitation   = "%%CITATION = ARXIV:1712.04514;%%"
}
%%%SFV
@article{Egana-Ugrinovic:2018znw,
	author         = "Egana-Ugrinovic, Daniel and Homiller, Samuel and Meade,
	Patrick",
	title          = "{Aligned and Spontaneous Flavor Violation}",
	journal        = "Phys. Rev. Lett.",
	volume         = "123",
	year           = "2019",
	number         = "3",
	pages          = "031802",
	doi            = "10.1103/PhysRevLett.123.031802",
	eprint         = "1811.00017",
	archivePrefix  = "arXiv",
	primaryClass   = "hep-ph",
	SLACcitation   = "%%CITATION = ARXIV:1811.00017;%%"
}

@article{Egana-Ugrinovic:2019dqu,
	author         = "Egana-Ugrinovic, Daniel and Homiller, Samuel and Meade,
	Patrick Roddy",
	title          = "{Higgs bosons with large couplings to light quarks}",
	year           = "2019",
	eprint         = "1908.11376",
	archivePrefix  = "arXiv",
	primaryClass   = "hep-ph",
	reportNumber   = "YITP-SB-19-25",
	SLACcitation   = "%%CITATION = ARXIV:1908.11376;%%"
}
%%%%%%%%% SUMMARY ATLAS COUPLING %%%%%%%%%%%%%%%%%%%%%%%%%%%
@article{Aad:2019mbh,
	author         = "Aad, Georges and others",
	title          = "{Combined measurements of Higgs boson production and
	decay using up to $80$ fb$^{-1}$ of proton-proton
	collision data at $\sqrt{s}=$ 13 TeV collected with the
	ATLAS experiment}",
	collaboration  = "ATLAS",
	year           = "2019",
	eprint         = "1909.02845",
	archivePrefix  = "arXiv",
	primaryClass   = "hep-ex",
	reportNumber   = "CERN-EP-2019-097",
	SLACcitation   = "%%CITATION = ARXIV:1909.02845;%%"
}
@article{Alasfar:2021ppe,
	author = {Alasfar, Lina and Degrassi, Giuseppe and Giardino, Pier Paolo and Gr\"ober, Ramona and Vitti, Marco},
	title = "{Virtual corrections to $gg\to ZH$ via a transverse momentum expansion}",
	eprint = "2103.06225",
	archivePrefix = "arXiv",
	primaryClass = "hep-ph",
	doi = "10.1007/JHEP05(2021)168",
	journal = "JHEP",
	volume = "05",
	pages = "168",
	year = "2021"
}
%%%%%%%Tools%%%%%%%%%%
@article{Patel:2015tea,
	author = "Patel, Hiren",
	title = "{Package-X: A Mathematica package for the analytic calculation of one-loop integrals}",
	eprint = "1503.01469",
	archivePrefix = "arXiv",
	primaryClass = "hep-ph",
	doi = "10.1016/j.cpc.2015.08.017",
	journal = "Comput. Phys. Commun.",
	volume = "197",
	pages = "276--290",
	year = "2015"
}
@article{Smirnov:2008iw,
	author = "Smirnov, A.V.",
	title = "{Algorithm FIRE -- Feynman Integral REduction}",
	eprint = "0807.3243",
	archivePrefix = "arXiv",
	primaryClass = "hep-ph",
	reportNumber = "TTP08-30, SFB-CPP-08-51",
	doi = "10.1088/1126-6708/2008/10/107",
	journal = "JHEP",
	volume = "10",
	pages = "107",
	year = "2008"
}
@article{Maierhoefer:2017hyi,
	author = "Maierh{\"o}fer, Philipp and Usovitsch, Johann and Uwer, Peter",
	title = "{Kira---A Feynman integral reduction program}",
	eprint = "1705.05610",
	archivePrefix = "arXiv",
	primaryClass = "hep-ph",
	doi = "10.1016/j.cpc.2018.04.012",
	journal = "Comput. Phys. Commun.",
	volume = "230",
	pages = "99--112",
	year = "2018"
}
@article{Hahn:2000kx,
	author = "Hahn, Thomas",
	title = "{Generating Feynman diagrams and amplitudes with FeynArts 3}",
	eprint = "hep-ph/0012260",
	archivePrefix = "arXiv",
	reportNumber = "KA-TP-23-2000",
	doi = "10.1016/S0010-4655(01)00290-9",
	journal = "Comput. Phys. Commun.",
	volume = "140",
	pages = "418--431",
	year = "2001"
}
@article{Alloul:2013bka,
	author = "Alloul, Adam and Christensen, Neil D. and Degrande, C√àline and Duhr, Claude and Fuks, Benjamin",
	title = "{FeynRules  2.0 - A complete toolbox for tree-level phenomenology}",
	eprint = "1310.1921",
	archivePrefix = "arXiv",
	primaryClass = "hep-ph",
	reportNumber = "CERN-PH-TH-2013-239, MCNET-13-14, IPPP-13-71, DCPT-13-142, PITT-PACC-1308",
	doi = "10.1016/j.cpc.2014.04.012",
	journal = "Comput. Phys. Commun.",
	volume = "185",
	pages = "2250--2300",
	year = "2014"
}
@article{Dedes:2017zog,
	author = "Dedes, A. and Materkowska, W. and Paraskevas, M. and Rosiek, J. and Suxho, K.",
	title = "{Feynman rules for the Standard Model Effective Field Theory in $R_{\xi}$ -gauges}",
	eprint = "1704.03888",
	archivePrefix = "arXiv",
	primaryClass = "hep-ph",
	doi = "10.1007/JHEP06(2017)143",
	journal = "JHEP",
	volume = "06",
	pages = "143",
	year = "2017"
}
@article{Dawson:2018pyl,
	author = "Dawson, Sally and Giardino, Pier Paolo",
	title = "{Higgs decays to $ZZ$ and $Z\gamma$ in the standard model effective field theory: An NLO analysis}",
	eprint = "1801.01136",
	archivePrefix = "arXiv",
	primaryClass = "hep-ph",
	doi = "10.1103/PhysRevD.97.093003",
	journal = "Phys. Rev. D",
	volume = "97",
	number = "9",
	pages = "093003",
	year = "2018"
}
@article{Gauld:2015lmb,
	author = "Gauld, Rhorry and Pecjak, Benjamin D. and Scott, Darren J.",
	title = "{One-loop corrections to $h\to b\bar b$ and $h\to \tau\bar \tau$ decays in the Standard Model Dimension-6 EFT: four-fermion operators and the large-$m_t$ limit}",
	eprint = "1512.02508",
	archivePrefix = "arXiv",
	primaryClass = "hep-ph",
	reportNumber = "DCPT-15-34, IPPP-15-17",
	doi = "10.1007/JHEP05(2016)080",
	journal = "JHEP",
	volume = "05",
	pages = "080",
	year = "2016"
}
@article{Grzadkowski:2010es,
	author = "Grzadkowski, B. and Iskrzynski, M. and Misiak, M. and Rosiek, J.",
	title = "{Dimension-Six Terms in the Standard Model Lagrangian}",
	eprint = "1008.4884",
	archivePrefix = "arXiv",
	primaryClass = "hep-ph",
	reportNumber = "IFT-9-2010, TTP10-35",
	doi = "10.1007/JHEP10(2010)085",
	journal = "JHEP",
	volume = "10",
	pages = "085",
	year = "2010"
}
@article{Aad:2019mbh,
	author = "Aad, Georges and others",
	collaboration = "ATLAS",
	title = "{Combined measurements of Higgs boson production and decay using up to $80$ fb$^{-1}$ of proton-proton collision data at $\sqrt{s}=$ 13 TeV collected with the ATLAS experiment}",
	eprint = "1909.02845",
	archivePrefix = "arXiv",
	primaryClass = "hep-ex",
	reportNumber = "CERN-EP-2019-097",
	doi = "10.1103/PhysRevD.101.012002",
	journal = "Phys. Rev. D",
	volume = "101",
	number = "1",
	pages = "012002",
	year = "2020"
}
@article{Sirunyan:2018koj,
	author = "Sirunyan, Albert M and others",
	collaboration = "CMS",
	title = "{Combined measurements of Higgs boson couplings in proton\textendash{}proton collisions at $\sqrt{s}=13\,\text {Te}\text {V} $}",
	eprint = "1809.10733",
	archivePrefix = "arXiv",
	primaryClass = "hep-ex",
	reportNumber = "CMS-HIG-17-031, CERN-EP-2018-263",
	doi = "10.1140/epjc/s10052-019-6909-y",
	journal = "Eur. Phys. J. C",
	volume = "79",
	number = "5",
	pages = "421",
	year = "2019"
}
@article{Hartland:2019bjb,
	author = "Hartland, Nathan P. and Maltoni, Fabio and Nocera, Emanuele R. and Rojo, Juan and Slade, Emma and Vryonidou, Eleni and Zhang, Cen",
	title = "{A Monte Carlo global analysis of the Standard Model Effective Field Theory: the top quark sector}",
	eprint = "1901.05965",
	archivePrefix = "arXiv",
	primaryClass = "hep-ph",
	reportNumber = "OUTP-18-07P, Nikhef-2018-058, CP3-19-02, CERN-TH-2018-274",
	doi = "10.1007/JHEP04(2019)100",
	journal = "JHEP",
	volume = "04",
	pages = "100",
	year = "2019"
}
@article{Banelli:2020iau,
	author = "Banelli, Giovanni and Salvioni, Ennio and Serra, Javi and Theil, Tobias and Weiler, Andreas",
	title = "{The Present and Future of Four Top Operators}",
	eprint = "2010.05915",
	archivePrefix = "arXiv",
	primaryClass = "hep-ph",
	reportNumber = "TUM-HEP-1286-20, CERN-TH-2020-166",
	doi = "10.1007/JHEP02(2021)043",
	journal = "JHEP",
	volume = "02",
	pages = "043",
	year = "2021"
}
@article{DHondt:2018cww,
	author = "D'Hondt, Jorgen and Mariotti, Alberto and Mimasu, Ken and Moortgat, Seth and Zhang, Cen",
	title = "{Learning to pinpoint effective operators at the LHC: a study of the $ \mathrm{t}\overline{\mathrm{t}}\mathrm{b}\overline{\mathrm{b}} $ signature}",
	eprint = "1807.02130",
	archivePrefix = "arXiv",
	primaryClass = "hep-ph",
	reportNumber = "CP3-18-42",
	doi = "10.1007/JHEP11(2018)131",
	journal = "JHEP",
	volume = "11",
	pages = "131",
	year = "2018"
}
@article{deBlas:2015aea,
	author = "de Blas, Jorge and Chala, Mikael and Santiago, Jose",
	title = "{Renormalization Group Constraints on New Top Interactions from Electroweak Precision Data}",
	eprint = "1507.00757",
	archivePrefix = "arXiv",
	primaryClass = "hep-ph",
	reportNumber = "DESY-15-110",
	doi = "10.1007/JHEP09(2015)189",
	journal = "JHEP",
	volume = "09",
	pages = "189",
	year = "2015"
}
@article{Zhang:2017mls,
	author = "Zhang, Cen",
	title = "{Constraining $qqtt$ operators from four-top production: a case for enhanced EFT sensitivity}",
	eprint = "1708.05928",
	archivePrefix = "arXiv",
	primaryClass = "hep-ph",
	doi = "10.1088/1674-1137/42/2/023104",
	journal = "Chin. Phys. C",
	volume = "42",
	number = "2",
	pages = "023104",
	year = "2018"
}
@article{Ellis:2020unq,
	author = "Ellis, John and Madigan, Maeve and Mimasu, Ken and Sanz, Veronica and You, Tevong",
	title = "{Top, Higgs, Diboson and Electroweak Fit to the Standard Model Effective Field Theory}",
	eprint = "2012.02779",
	archivePrefix = "arXiv",
	primaryClass = "hep-ph",
	reportNumber = "KCL-PH-TH/2020-73, CERN-TH-2020-202",
	doi = "10.1007/JHEP04(2021)279",
	journal = "JHEP",
	volume = "04",
	pages = "279",
	year = "2021"
}
@article{Sirunyan:2019nxl,
	author = "Sirunyan, Albert M and others",
	collaboration = "CMS",
	title = "{Search for the production of four top quarks in the single-lepton and opposite-sign dilepton final states in proton-proton collisions at $ \sqrt{s} $ = 13 TeV}",
	eprint = "1906.02805",
	archivePrefix = "arXiv",
	primaryClass = "hep-ex",
	reportNumber = "CERN-EP-2019-098",
	doi = "10.1007/JHEP11(2019)082",
	journal = "JHEP",
	volume = "11",
	pages = "082",
	year = "2019"
}
@article{Aad:2020klt,
	author = "Aad, Georges and others",
	collaboration = "ATLAS",
	title = "{Evidence for $t\bar{t}t\bar{t}$ production in the multilepton final state in proton\textendash{}proton collisions at $\sqrt{s}=13$ $\text {TeV}$ with the ATLAS detector}",
	eprint = "2007.14858",
	archivePrefix = "arXiv",
	primaryClass = "hep-ex",
	reportNumber = "CERN-EP-2020-111",
	doi = "10.1140/epjc/s10052-020-08509-3",
	journal = "Eur. Phys. J. C",
	volume = "80",
	number = "11",
	pages = "1085",
	year = "2020"
}
@article{Frederix:2017wme,
	author = "Frederix, Rikkert and Pagani, Davide and Zaro, Marco",
	title = "{Large NLO corrections in $t\bar{t}W^{\pm}$ and $t\bar{t}t\bar{t}$ hadroproduction from supposedly subleading EW contributions}",
	eprint = "1711.02116",
	archivePrefix = "arXiv",
	primaryClass = "hep-ph",
	doi = "10.1007/JHEP02(2018)031",
	journal = "JHEP",
	volume = "02",
	pages = "031",
	year = "2018"
}
@article{Sirunyan:2020kgar,
	author = "Sirunyan, Albert M and others",
	collaboration = "CMS",
	title = "{Measurement of the cross section for $\text{t}\bar{\text{t}}$ production with additional jets and b jets in pp collisions at $\sqrt{s}=$ 13 TeV}",
	eprint = "2003.06467",
	archivePrefix = "arXiv",
	primaryClass = "hep-ex",
	reportNumber = "CMS-TOP-18-002, CERN-EP-2020-011",
	doi = "10.1007/JHEP07(2020)125",
	journal = "JHEP",
	volume = "07",
	pages = "125",
	year = "2020"
}
@article{McCullough:2013rea,
	author = "McCullough, Matthew",
	title = "{An Indirect Model-Dependent Probe of the Higgs Self-Coupling}",
	eprint = "1312.3322",
	archivePrefix = "arXiv",
	primaryClass = "hep-ph",
	reportNumber = "MIT-CTP-4521",
	doi = "10.1103/PhysRevD.90.015001",
	journal = "Phys. Rev. D",
	volume = "90",
	number = "1",
	pages = "015001",
	year = "2014",
	note = "[Erratum: Phys.Rev.D 92, 039903 (2015)]"
}
@article{Gorbahn:2016uoy,
	author = "Gorbahn, Martin and Haisch, Ulrich",
	title = "{Indirect probes of the trilinear Higgs coupling: $gg \to h$ and $h \to \gamma \gamma$}",
	eprint = "1607.03773",
	archivePrefix = "arXiv",
	primaryClass = "hep-ph",
	reportNumber = "LTH-1092, CERN-TH-2016-161",
	doi = "10.1007/JHEP10(2016)094",
	journal = "JHEP",
	volume = "10",
	pages = "094",
	year = "2016"
}
@article{Bizon:2016wgr,
	author = "Bizon, Wojciech and Gorbahn, Martin and Haisch, Ulrich and Zanderighi, Giulia",
	title = "{Constraints on the trilinear Higgs coupling from vector boson fusion and associated Higgs production at the LHC}",
	eprint = "1610.05771",
	archivePrefix = "arXiv",
	primaryClass = "hep-ph",
	reportNumber = "CERN-TH-2016-215, LTH-1104, OUTP-16-23P",
	doi = "10.1007/JHEP07(2017)083",
	journal = "JHEP",
	volume = "07",
	pages = "083",
	year = "2017"
}
@article{Degrassi:2016wml,
	author = "Degrassi, Giuseppe and Giardino, Pier Paolo and Maltoni, Fabio and Pagani, Davide",
	title = "{Probing the Higgs self coupling via single Higgs production at the LHC}",
	eprint = "1607.04251",
	archivePrefix = "arXiv",
	primaryClass = "hep-ph",
	reportNumber = "CP3-16-38, RM3-TH-16-8",
	doi = "10.1007/JHEP12(2016)080",
	journal = "JHEP",
	volume = "12",
	pages = "080",
	year = "2016"
}
@article{Degrassi:2021uik,
	author = "Degrassi, Giuseppe and Di Micco, Biagio and Giardino, Pier Paolo and Rossi, Eleonora",
	title = "{Higgs boson self-coupling constraints from single Higgs, double Higgs and Electroweak measurements}",
	eprint = "2102.07651",
	archivePrefix = "arXiv",
	primaryClass = "hep-ph",
	doi = "10.1016/j.physletb.2021.136307",
	journal = "Phys. Lett. B",
	volume = "817",
	pages = "136307",
	year = "2021"
}
@article{Degrassi:2019yix,
	author = "Degrassi, G. and Vitti, M.",
	title = "{The effect of an anomalous Higgs trilinear self-coupling on the $h \rightarrow \gamma \, Z$ decay}",
	eprint = "1912.06429",
	archivePrefix = "arXiv",
	primaryClass = "hep-ph",
	doi = "10.1140/epjc/s10052-020-7860-7",
	journal = "Eur. Phys. J. C",
	volume = "80",
	number = "4",
	pages = "307",
	year = "2020"
}
@article{Maltoni:2017ims,
	author = "Maltoni, Fabio and Pagani, Davide and Shivaji, Ambresh and Zhao, Xiaoran",
	title = "{Trilinear Higgs coupling determination via single-Higgs differential measurements at the LHC}",
	eprint = "1709.08649",
	archivePrefix = "arXiv",
	primaryClass = "hep-ph",
	reportNumber = "CP3-17-37, TUM-HEP-1099-17, MCNET-17-18",
	doi = "10.1140/epjc/s10052-017-5410-8",
	journal = "Eur. Phys. J. C",
	volume = "77",
	number = "12",
	pages = "887",
	year = "2017"
}
@article{DiVita:2017eyz,
	author = "Di Vita, Stefano and Grojean, Christophe and Panico, Giuliano and Riembau, Marc and Vantalon, Thibaud",
	title = "{A global view on the Higgs self-coupling}",
	eprint = "1704.01953",
	archivePrefix = "arXiv",
	primaryClass = "hep-ph",
	reportNumber = "DESY-17-044",
	doi = "10.1007/JHEP09(2017)069",
	journal = "JHEP",
	volume = "09",
	pages = "069",
	year = "2017"
}
@techreport{ATLAS:2018gug,
	collaboration = "ATLAS",
	title = "{Measurements of fiducial and differential cross-sections of $t\bar{t}$ production with additional heavy-flavour jets in proton-proton collisions at $\sqrt{s} = 13$ TeV with the ATLAS detector}",
	reportNumber = "ATLAS-CONF-2018-029",
	number = "ATLAS-CONF-2018-029",
	year = "2018"
}
@techreport{ATLAS:2019pbo,
	collaboration = "ATLAS",
	title = "{Constraints on the Higgs boson self-coupling from the combination of single-Higgs and double-Higgs production analyses performed with the ATLAS experiment}",
	reportNumber = "ATLAS-CONF-2019-049",
	number = "ATLAS-CONF-2019-049",
	year = "2019"
}
@techreport{CMS:2018rig,
	collaboration = "CMS",
	title = "{Constraints on the Higgs boson self-coupling from ttH+tH, H to gamma gamma differential measurements at the HL-LHC}",
	number = "CMS-PAS-FTR-18-020",
	reportNumber = "CMS-PAS-FTR-18-020",
	year = "2018"
}
@article{Degrande:2020evl,
	author = "Degrande, C\'eline and Durieux, Gauthier and Maltoni, Fabio and Mimasu, Ken and Vryonidou, Eleni and Zhang, Cen",
	title = "{Automated one-loop computations in the standard model effective field theory}",
	eprint = "2008.11743",
	archivePrefix = "arXiv",
	primaryClass = "hep-ph",
	reportNumber = "CERN-TH-2020-140, CP3-20-42",
	doi = "10.1103/PhysRevD.103.096024",
	journal = "Phys. Rev. D",
	volume = "103",
	number = "9",
	pages = "096024",
	year = "2021"
}
@article{Alwall:2014hca,
	author = "Alwall, J. and Frederix, R. and Frixione, S. and Hirschi, V. and Maltoni, F. and Mattelaer, O. and Shao, H. -S. and Stelzer, T. and Torrielli, P. and Zaro, M.",
	title = "{The automated computation of tree-level and next-to-leading order differential cross sections, and their matching to parton shower simulations}",
	eprint = "1405.0301",
	archivePrefix = "arXiv",
	primaryClass = "hep-ph",
	reportNumber = "CERN-PH-TH-2014-064, CP3-14-18, LPN14-066, MCNET-14-09, ZU-TH-14-14",
	doi = "10.1007/JHEP07(2014)079",
	journal = "JHEP",
	volume = "07",
	pages = "079",
	year = "2014"
}
@article{Ethier:2021bye,
	author = "Ethier, Jacob J. and Magni, Giacomo and Maltoni, Fabio and Mantani, Luca and Nocera, Emanuele R. and Rojo, Juan and Slade, Emma and Vryonidou, Eleni and Zhang, Cen",
	collaboration = "SMEFiT",
	title = "{Combined SMEFT interpretation of Higgs, diboson, and top quark data from the LHC}",
	eprint = "2105.00006",
	archivePrefix = "arXiv",
	primaryClass = "hep-ph",
	reportNumber = "OUTP-20-05P, Nikhef-2020-020, CP3-21-12, MCNET-21-07,
	MAN/HEP/2021/004",
	doi = "10.1007/JHEP11(2021)089",
	journal = "JHEP",
	volume = "11",
	pages = "089",
	year = "2021"
}

% EFT dictionary

@article{deBlas:2017xtg,
	author = "de Blas, J. and Criado, J. C. and Perez-Victoria, M. and Santiago, J.",
	title = "{Effective description of general extensions of the Standard Model: the complete tree-level dictionary}",
	eprint = "1711.10391",
	archivePrefix = "arXiv",
	primaryClass = "hep-ph",
	reportNumber = "CERN-TH-2017-251",
	doi = "10.1007/JHEP03(2018)109",
	journal = "JHEP",
	volume = "03",
	pages = "109",
	year = "2018"
}

@article{Anisha:2021hgc,
	author = {Anisha and Bakshi, Supratim Das and Banerjee, Shankha and Biek\"otter, Anke and Chakrabortty, Joydeep and Patra, Sunando Kumar and Spannowsky, Michael},
	title = "{Effective limits on single scalar extensions in the light of recent LHC data}",
	eprint = "2111.05876",
	archivePrefix = "arXiv",
	primaryClass = "hep-ph",
	reportNumber = "CERN-TH-2021-190, IPPP/21/48",
	month = "11",
	year = "2021"
}

% ayan's paper
@article{Grojean:2020ech,
	author = "Grojean, Christophe and Paul, Ayan and Qian, Zhuoni",
	title = "{Resurrecting $ b\overline{b}h $ with kinematic shapes}",
	eprint = "2011.13945",
	archivePrefix = "arXiv",
	primaryClass = "hep-ph",
	reportNumber = "DESY-20-175, HU-EP-20/28",
	doi = "10.1007/JHEP04(2021)139",
	journal = "JHEP",
	volume = "04",
	pages = "139",
	year = "2021"
}

% Experiment
@techreport{ATLAS:2020qdt,
	collaboration = "ATLAS",
	title = "{A combination of measurements of Higgs boson production and decay using up to $139$ fb$^{-1}$ of proton--proton collision data at $\sqrt{s}=$ 13 TeV collected with the ATLAS experiment}",
	reportNumber = "ATLAS-CONF-2020-027",
	number = "ATLAS-CONF-2020-027",
	year = "2020"
}
@article{CMS:2021kom,
	author = "Sirunyan, Albert M and others",
	collaboration = "CMS",
	title = "{Measurements of Higgs boson production cross sections and couplings in the diphoton decay channel at $ \sqrt{\mathrm{s}} $ = 13 TeV}",
	eprint = "2103.06956",
	archivePrefix = "arXiv",
	primaryClass = "hep-ex",
	reportNumber = "CMS-HIG-19-015, CERN-EP-2021-038",
	doi = "10.1007/JHEP07(2021)027",
	journal = "JHEP",
	volume = "07",
	pages = "027",
	year = "2021"
}
@techreport{CMS:2021ixs,
	collaboration = "CMS",
	title = "{Measurement of Higgs boson production in association with a W or Z boson in the H $\rightarrow$ WW decay channel}",
	reportNumber = "CMS-PAS-HIG-19-017",
	number = "CMS-PAS-HIG-19-017",
	year = "2021"
}
@techreport{CMS:2020iwy,
	collaboration = "CMS",
	title = "{Higgs boson production in association with top quarks in final states with electrons, muons, and hadronically decaying tau leptons at $\sqrt{s} = 13~\mathrm{TeV}$}",
	reportNumber = "CMS-PAS-HIG-19-008",
	number = "CMS-PAS-HIG-19-008",
	year = "2020"
}
@techreport{CMS:2020gsy,
	collaboration = "CMS",
	title = "{Combined Higgs boson production and decay measurements with up to 137 fb-1 of proton-proton collision data at sqrts = 13 TeV}",
	reportNumber = "CMS-PAS-HIG-19-005",
	number = "CMS-PAS-HIG-19-005",
	year = "2020"
}
@article{Brivio:2019ius,
	author = "Brivio, Ilaria and Bruggisser, Sebastian and Maltoni, Fabio and Moutafis, Rhea and Plehn, Tilman and Vryonidou, Eleni and Westhoff, Susanne and Zhang, C.",
	title = "{O new physics, where art thou? A global search in the top sector}",
	eprint = "1910.03606",
	archivePrefix = "arXiv",
	primaryClass = "hep-ph",
	reportNumber = "P3H-19-036, CERN-TH-2019-193",
	doi = "10.1007/JHEP02(2020)131",
	journal = "JHEP",
	volume = "02",
	pages = "131",
	year = "2020"
}
@article{Salvatier2016,
	doi = {10.7717/peerj-cs.55},
	url = {https://doi.org/10.7717/peerj-cs.55},
	year  = {2016},
	month = {apr},
	publisher = {{PeerJ}},
	volume = {2},
	pages = {e55},
	author = {John Salvatier and Thomas V. Wiecki and Christopher Fonnesbeck},
	title = {Probabilistic programming in Python using {PyMC}3},
	journal = {{PeerJ} Computer Science}
}
@article{arviz_2019,
	doi = {10.21105/joss.01143},
	url = {https://doi.org/10.21105/joss.01143},
	year = {2019},
	publisher = {The Open Journal},
	volume = {4},
	number = {33},
	pages = {1143},
	author = {Ravin Kumar and Colin Carroll and Ari Hartikainen and Osvaldo Martin},
	title = {ArviZ a unified library for exploratory analysis of Bayesian models in Python},
	journal = {Journal of Open Source Software}
}
@article{iminuit,
	author={Hans Dembinski and Piti Ongmongkolkul et al.},
	title={scikit-hep/iminuit},
	DOI={10.5281/zenodo.3949207},
	publisher={Zenodo},
	year={2020},
	month={Dec},
	url={https://doi.org/10.5281/zenodo.3949207}
}
@article{James:1975dr,
	author = "James, F. and Roos, M.",
	title = "{Minuit: A System for Function Minimization and Analysis of the Parameter Errors and Correlations}",
	reportNumber = "CERN-DD-75-20",
	doi = "10.1016/0010-4655(75)90039-9",
	journal = "Comput. Phys. Commun.",
	volume = "10",
	pages = "343--367",
	year = "1975"
}
@techreport{ATLAS:2021jki,
	collaboration = "ATLAS",
	title = "{Search for Higgs boson pair production in the two bottom quarks plus two photons final state in $pp$ collisions at $\sqrt{s}=13$ TeV with the ATLAS detector}",
	reportNumber = "ATLAS-CONF-2021-016",
	number = "ATLAS-CONF-2021-016",
	year = "2021"
}
@article{DiLuzio:2017tfn,
	author = {Di Luzio, Luca and Gr\"ober, Ramona and Spannowsky, Michael},
	title = "{Maxi-sizing the trilinear Higgs self-coupling: how large could it be?}",
	eprint = "1704.02311",
	archivePrefix = "arXiv",
	primaryClass = "hep-ph",
	reportNumber = "IPPP-17-26",
	doi = "10.1140/epjc/s10052-017-5361-0",
	journal = "Eur. Phys. J. C",
	volume = "77",
	number = "11",
	pages = "788",
	year = "2017"
}
@article{Ossola:2008xq,
	author = "Ossola, Giovanni and Papadopoulos, Costas G. and Pittau, Roberto",
	title = "{On the Rational Terms of the one-loop amplitudes}",
	eprint = "0802.1876",
	archivePrefix = "arXiv",
	primaryClass = "hep-ph",
	doi = "10.1088/1126-6708/2008/05/004",
	journal = "JHEP",
	volume = "05",
	pages = "004",
	year = "2008"
}
@article{Ossola:2007ax,
	author = "Ossola, Giovanni and Papadopoulos, Costas G. and Pittau, Roberto",
	title = "{CutTools: A Program implementing the OPP reduction method to compute one-loop amplitudes}",
	eprint = "0711.3596",
	archivePrefix = "arXiv",
	primaryClass = "hep-ph",
	doi = "10.1088/1126-6708/2008/03/042",
	journal = "JHEP",
	volume = "03",
	pages = "042",
	year = "2008"
}
%%Plotting
@article{Bocquet2016,
	doi = {10.21105/joss.00046},
	url = {http://dx.doi.org/10.21105/joss.00046},
	year  = {2016},
	month = {oct},
	publisher = {The Open Journal},
	volume = {1},
	number = {6},
	author = {Sebastian Bocquet and Faustin W. Carter},
	title = {pygtc: beautiful parameter covariance plots (aka. Giant Triangle Confusograms)},
	journal = {The Journal of Open Source Software}
}
@article{corner,
	doi = {10.21105/joss.00024},
	url = {https://doi.org/10.21105/joss.00024},
	year  = {2016},
	month = {jun},
	publisher = {The Open Journal},
	volume = {1},
	number = {2},
	pages = {24},
	author = {Daniel Foreman-Mackey},
	title = {corner.py: Scatterplot matrices in Python},
	journal = {The Journal of Open Source Software}
}
@software{paul_zivich_2019_3339870,
	author       = {Paul Zivich},
	title        = {{pzivich/Python-for-Epidemiologists: Updates for 
	v0.8.0}},
	month        = jul,
	year         = 2019,
	publisher    = {Zenodo},
	version      = {v0.8.0},
	doi          = {10.5281/zenodo.3339870},
	url          = {https://doi.org/10.5281/zenodo.3339870}
}
@article{Ossola:2006us,
	author = "Ossola, Giovanni and Papadopoulos, Costas G. and Pittau, Roberto",
	title = "{Reducing full one-loop amplitudes to scalar integrals at the integrand level}",
	eprint = "hep-ph/0609007",
	archivePrefix = "arXiv",
	doi = "10.1016/j.nuclphysb.2006.11.012",
	journal = "Nucl. Phys. B",
	volume = "763",
	pages = "147--169",
	year = "2007"
}
@article{Jenkins:2013zja,
	author = "Jenkins, Elizabeth E. and Manohar, Aneesh V. and Trott, Michael",
	title = "{Renormalization Group Evolution of the Standard Model Dimension Six Operators I: Formalism and lambda Dependence}",
	eprint = "1308.2627",
	archivePrefix = "arXiv",
	primaryClass = "hep-ph",
	doi = "10.1007/JHEP10(2013)087",
	journal = "JHEP",
	volume = "10",
	pages = "087",
	year = "2013"
}
@article{Jenkins:2013wua,
	author = "Jenkins, Elizabeth E. and Manohar, Aneesh V. and Trott, Michael",
	title = "{Renormalization Group Evolution of the Standard Model Dimension Six Operators II: Yukawa Dependence}",
	eprint = "1310.4838",
	archivePrefix = "arXiv",
	primaryClass = "hep-ph",
	reportNumber = "CERN-PH-TH/2015-247",
	doi = "10.1007/JHEP01(2014)035",
	journal = "JHEP",
	volume = "01",
	pages = "035",
	year = "2014"
}
@article{Alonso:2013hga,
	author = "Alonso, Rodrigo and Jenkins, Elizabeth E. and Manohar, Aneesh V. and Trott, Michael",
	title = "{Renormalization Group Evolution of the Standard Model Dimension Six Operators III: Gauge Coupling Dependence and Phenomenology}",
	eprint = "1312.2014",
	archivePrefix = "arXiv",
	primaryClass = "hep-ph",
	reportNumber = "CERN-PH-TH-2013-305, CERN-PH-TH/2013-305",
	doi = "10.1007/JHEP04(2014)159",
	journal = "JHEP",
	volume = "04",
	pages = "159",
	year = "2014"
}
@article{Ball:2012cx,
	author = "Ball, Richard D. and others",
	title = "{Parton distributions with LHC data}",
	eprint = "1207.1303",
	archivePrefix = "arXiv",
	primaryClass = "hep-ph",
	reportNumber = "EDINBURGH-2012-08, IFUM-FT-997, FR-PHENO-2012-014, RWTH-TTK-12-25, CERN-PH-TH-2012-037, SFB-CPP-12-47",
	doi = "10.1016/j.nuclphysb.2012.10.003",
	journal = "Nucl. Phys. B",
	volume = "867",
	pages = "244--289",
	year = "2013"
}
@techreport{CMS-PAS-FTR-18-011,
	title         = "{Sensitivity projections for Higgs boson properties
	measurements at the HL-LHC}",
	institution   = "CERN",
	collaboration = "CMS Collaboration",
	address       = "Geneva",
	reportNumber  = "CMS-PAS-FTR-18-011",
	year          = "2018",
	url           = "https://cds.cern.ch/record/2647699",
}
@article{Aguilar-Saavedra:2018ksv,
	author = "Barducci, D. and others",
	editor = "Aguilar-Saavedra, Juan Antonio and Degrande, C. and Durieux, G. and Maltoni, F. and Vryonidou, E. and Zhang, C.",
	title = "{Interpreting top-quark LHC measurements in the standard-model effective field theory}",
	eprint = "1802.07237",
	archivePrefix = "arXiv",
	primaryClass = "hep-ph",
	reportNumber = "CERN-LPCC-2018-01",
	month = "2",
	year = "2018"
}
@article{IML,
	author = {Alasfar, Lina and Gr\"ober, Ramona and Grojean, Chrstophe and Paul, Ayan and Qian, Zhuoni},
	title = "{Machine learning augmented probes of light-quark Yukawa and trilinear couplings from Higgs pair production}",
	journal = "In preparation",
	year = "2021"
}
@article{CMS:2018ccd,
	collaboration = "CMS",
	title = "{Prospects for HH measurements at the HL-LHC}",
	reportNumber = "CMS-PAS-FTR-18-019",
	journal = "CMS-PAS-FTR-18-019",
	year = "2018"
}

% Future colliders
@article{FCC:2018byv,
	author = "Abada, A. and others",
	collaboration = "FCC",
	title = "{FCC Physics Opportunities}: {Future Circular Collider Conceptual Design Report Volume 1}",
	reportNumber = "CERN-ACC-2018-0056",
	doi = "10.1140/epjc/s10052-019-6904-3",
	journal = "Eur. Phys. J. C",
	volume = "79",
	number = "6",
	pages = "474",
	year = "2019"
}

@article{FCC:2018evy,
	author = "Abada, A. and others",
	collaboration = "FCC",
	title = "{FCC-ee: The Lepton Collider}: {Future Circular Collider Conceptual Design Report Volume 2}",
	reportNumber = "CERN-ACC-2018-0057",
	doi = "10.1140/epjst/e2019-900045-4",
	journal = "Eur. Phys. J. ST",
	volume = "228",
	number = "2",
	pages = "261--623",
	year = "2019"
}

@article{Bambade:2019fyw,
	author = "Bambade, Philip and others",
	title = "{The International Linear Collider: A Global Project}",
	eprint = "1903.01629",
	archivePrefix = "arXiv",
	primaryClass = "hep-ex",
	reportNumber = "DESY 19-037, DESY-19-037, FERMILAB-FN-1067-PPD, IFIC/19-10, IRFU-19-10,
	JLAB-PHY-19-2854, KEK Preprint 2018-92, JLAB-PHY-19-2854, KEK
	Preprint 2018-92, LAL/RT 19-001, PNNL-SA-142168,
	SLAC-PUB-17412, SLAC-PUB-17412",
	month = "3",
	year = "2019"
}

@article{LCCPhysicsWorkingGroup:2019fvj,
	author = "Fujii, Keisuke and others",
	collaboration = "LCC Physics Working Group",
	title = "{Tests of the Standard Model at the International Linear Collider}",
	eprint = "1908.11299",
	archivePrefix = "arXiv",
	primaryClass = "hep-ex",
	reportNumber = "DESY 19-146, KEK Preprint 2019-22, SLAC-PUB-17467, DESY-19-146",
	month = "8",
	year = "2019"
}

@article{CLICdp:2018cto,
	author = "Charles, T. K. and others",
	editor = "Burrows, P. N. and Catalan Lasheras, N. and Linssen, L. and Petri\v{c}, M. and Robson, A. and Schulte, D. and Sicking, E. and Stapnes, S.",
	collaboration = "CLICdp, CLIC",
	title = "{The Compact Linear Collider (CLIC) - 2018 Summary Report}",
	eprint = "1812.06018",
	archivePrefix = "arXiv",
	primaryClass = "physics.acc-ph",
	reportNumber = "CERN-2018-005-M, CERN-2018-005",
	doi = "10.23731/CYRM-2018-002",
	volume = "2/2018",
	month = "12",
	year = "2018"
}

@article{deBlas:2018mhx,
	author = "de Blas, J. and others",
	title = "{The CLIC Potential for New Physics}",
	eprint = "1812.02093",
	archivePrefix = "arXiv",
	primaryClass = "hep-ph",
	reportNumber = "CERN-TH-2018-267, CERN-2018-009-M",
	doi = "10.23731/CYRM-2018-003",
	volume = "3/2018",
	month = "12",
	year = "2018"
}

@article{An:2018dwb,
	author = "An, Fenfen and others",
	title = "{Precision Higgs physics at the CEPC}",
	eprint = "1810.09037",
	archivePrefix = "arXiv",
	primaryClass = "hep-ex",
	reportNumber = "FERMILAB-PUB-18-573-T",
	doi = "10.1088/1674-1137/43/4/043002",
	journal = "Chin. Phys. C",
	volume = "43",
	number = "4",
	pages = "043002",
	year = "2019"
}

@article{CEPCStudyGroup:2018ghi,
	author = "Dong, Mingyi and others",
	editor = "Guimar\~aes da Costa, Jo\~ao Barreiro and others",
	collaboration = "CEPC Study Group",
	title = "{CEPC Conceptual Design Report: Volume 2 - Physics \& Detector}",
	eprint = "1811.10545",
	archivePrefix = "arXiv",
	primaryClass = "hep-ex",
	reportNumber = "IHEP-CEPC-DR-2018-02, IHEP-EP-2018-01, IHEP-TH-2018-01",
	month = "11",
	year = "2018"
}

% Self-couling at lepton colliders
@article{DiVita:2017vrr,
	author = "Di Vita, Stefano and Durieux, Gauthier and Grojean, Christophe and Gu, Jiayin and Liu, Zhen and Panico, Giuliano and Riembau, Marc and Vantalon, Thibaud",
	title = "{A global view on the Higgs self-coupling at lepton colliders}",
	eprint = "1711.03978",
	archivePrefix = "arXiv",
	primaryClass = "hep-ph",
	reportNumber = "DESY-17-131, FERMILAB-PUB-17-462-T",
	doi = "10.1007/JHEP02(2018)178",
	journal = "JHEP",
	volume = "02",
	pages = "178",
	year = "2018"
}
@misc{GitHub,
	howpublished = "\url{https://github.com/alasfar-lina/trilinear4tops}"
}


@article{Haisch:2021hvy,
	author = {Haisch, Ulrich and Koole, Gabri\"el},
	title = "{Off-shell Higgs production at the LHC as a probe of the trilinear Higgs coupling}",
	eprint = "2111.12589",
	archivePrefix = "arXiv",
	primaryClass = "hep-ph",
	month = "11",
	year = "2021"
}
% HL-LHC Higgs

@online{twiki,
	ALTauthor = {AndrewGilbert} ,
	title = {Guidelines for extrapolation of CMS and ATLAS LHC/HL-LHC couplings projections to HE-LHC},
	date = {2018-11-22},
	url = {https://twiki.cern.ch/twiki/bin/view/LHCPhysics/GuidelinesCouplingProjections2018#Details%20of%20the%20CMS%20projections},
}

@article{Cepeda:2019klc,
	author = "Cepeda, M. and others",
	editor = "Dainese, Andrea and Mangano, Michelangelo and Meyer, Andreas B. and Nisati, Aleandro and Salam, Gavin and Vesterinen, Mika Anton",
	title = "{Report from Working Group 2}: {Higgs Physics at the HL-LHC and HE-LHC}",
	eprint = "1902.00134",
	archivePrefix = "arXiv",
	primaryClass = "hep-ph",
	reportNumber = "CERN-LPCC-2018-04",
	doi = "10.23731/CYRM-2019-007.221",
	journal = "CERN Yellow Rep. Monogr.",
	volume = "7",
	pages = "221--584",
	year = "2019"
}
@article{Herren:2017osy,
	author = "Herren, Florian and Steinhauser, Matthias",
	title = "{Version 3 of RunDec and CRunDec}",
	eprint = "1703.03751",
	archivePrefix = "arXiv",
	primaryClass = "hep-ph",
	reportNumber = "TTP17-011",
	doi = "10.1016/j.cpc.2017.11.014",
	journal = "Comput. Phys. Commun.",
	volume = "224",
	pages = "333--345",
	year = "2018"
}
@article{DiMicco:2019ngk,
	author = "Alison, J. and others",
	editor = "Di Micco, Biagio and Gouzevitch, Maxime and Mazzitelli, Javier and Vernieri, Caterina",
	title = "{Higgs boson potential at colliders: Status and perspectives}",
	eprint = "1910.00012",
	archivePrefix = "arXiv",
	primaryClass = "hep-ph",
	reportNumber = "FERMILAB-CONF-19-468-E-T, LHCXSWG-2019-005",
	doi = "10.1016/j.revip.2020.100045",
	journal = "Rev. Phys.",
	volume = "5",
	pages = "100045",
	year = "2020"
}