@article{Berger:2019wnu,
	author = "Berger, Nicolas and others",
	title = "{Simplified Template Cross Sections - Stage 1.1}",
	eprint = "1906.02754",
	archivePrefix = "arXiv",
	primaryClass = "hep-ph",
	reportNumber = "LHCHXSWG-2019-003, DESY-19-070",
	month = "6",
	year = "2019"
}
@article{CMS:2018jeh,
	author = "Sirunyan, Albert M and others",
	collaboration = "CMS",
	title = "{Search for associated production of a Higgs boson and a single top quark in proton-proton collisions at $\sqrt{s} = 13$ TeV}",
	eprint = "1811.09696",
	archivePrefix = "arXiv",
	primaryClass = "hep-ex",
	reportNumber = "CMS-HIG-18-009, CERN-EP-2018-305",
	doi = "10.1103/PhysRevD.99.092005",
	journal = "Phys. Rev. D",
	volume = "99",
	number = "9",
	pages = "092005",
	year = "2019"
}
@article{CMS:2020gsy,
	collaboration = "CMS",
	title = "{Combined Higgs boson production and decay measurements with up to 137 fb$^{-1}$ of proton-proton collision data at $\sqrt s$ = 13 TeV}",
	reportNumber = "CMS-PAS-HIG-19-005",
	year = "2020"
}
@article{ATLAS2021vrm,
	collaboration = "ATLAS",
	title = "{Combined measurements of Higgs boson production and decay using up to $139$ fb$^{-1}$ of proton-proton collision data at $\sqrt{s}= 13$ TeV collected with the ATLAS experiment}",
	reportNumber = "ATLAS-CONF-2021-053",
	year = "2021"
}
@book{BHHR
	title = "The handbook of research synthesis and meta-analysis 2nd edition",
	author = "{Harris Cooper and Hedges, Larry Vernon and Valentine, Jeffrey C.}",
	year = "2009",
	month = dec,
	day = "1",
	language = "English (US)",
	isbn = "9780871541635",
	pages = "1--615",
	booktitle = "The Hand. of Res. Synthesis and Meta-Analysis, 2nd Ed.",
	publisher = "Russell Sage Foundation",
}
@article{CMS:2018nsn,
	author = "Sirunyan, A. M. and others",
	collaboration = "CMS",
	title = "{Observation of Higgs boson decay to bottom quarks}",
	eprint = "1808.08242",
	archivePrefix = "arXiv",
	primaryClass = "hep-ex",
	reportNumber = "CMS-HIG-18-016, CERN-EP-2018-223",
	doi = "10.1103/PhysRevLett.121.121801",
	journal = "Phys. Rev. Lett.",
	volume = "121",
	number = "12",
	pages = "121801",
	year = "2018"
}
@article{ATLAS:2018kot,
	author = "Aaboud, Morad and others",
	collaboration = "ATLAS",
	title = "{Observation of $H \rightarrow b\bar{b}$ decays and $VH$ production with the ATLAS detector}",
	eprint = "1808.08238",
	archivePrefix = "arXiv",
	primaryClass = "hep-ex",
	reportNumber = "CERN-EP-2018-215",
	doi = "10.1016/j.physletb.2018.09.013",
	journal = "Phys. Lett. B",
	volume = "786",
	pages = "59--86",
	year = "2018"
}
@article{ATLAS:2019yhn,
	author = "Aaboud, Morad and others",
	collaboration = "ATLAS",
	title = "{Measurement of VH, $ \mathrm{H}\to \mathrm{b}\overline{\mathrm{b}} $ production as a function of the vector-boson transverse momentum in 13 TeV pp collisions with the ATLAS detector}",
	eprint = "1903.04618",
	archivePrefix = "arXiv",
	primaryClass = "hep-ex",
	reportNumber = "CERN-EP-2019-019",
	doi = "10.1007/JHEP05(2019)141",
	journal = "JHEP",
	volume = "05",
	pages = "141",
	year = "2019"
}
@article{ATLAS:2018ynr,
	author = "Aaboud, Morad and others",
	collaboration = "ATLAS",
	title = "{Cross-section measurements of the Higgs boson decaying into a pair of $\tau$-leptons in proton-proton collisions at $\sqrt{s}=13$ TeV with the ATLAS detector}",
	eprint = "1811.08856",
	archivePrefix = "arXiv",
	primaryClass = "hep-ex",
	reportNumber = "CERN-EP-2018-232",
	doi = "10.1103/PhysRevD.99.072001",
	journal = "Phys. Rev. D",
	volume = "99",
	pages = "072001",
	year = "2019"
}
@article{CMS:2019pyn,
	collaboration = "CMS",
	title = "{Measurement of Higgs boson production and decay to the $\tau\tau$ final state}",
	reportNumber = "CMS-PAS-HIG-18-032",
	year = "2019"
}
@article{ATLAS:2020fzp,
	author = "Aad, Georges and others",
	collaboration = "ATLAS",
	title = "{A search for the dimuon decay of the Standard Model Higgs boson with the ATLAS detector}",
	eprint = "2007.07830",
	archivePrefix = "arXiv",
	primaryClass = "hep-ex",
	reportNumber = "CERN-EP-2020-117",
	doi = "10.1016/j.physletb.2020.135980",
	journal = "Phys. Lett. B",
	volume = "812",
	pages = "135980",
	year = "2021"
}
@article{CMS:2020xwi,
	author = "Sirunyan, Albert M and others",
	collaboration = "CMS",
	title = "{Evidence for Higgs boson decay to a pair of muons}",
	eprint = "2009.04363",
	archivePrefix = "arXiv",
	primaryClass = "hep-ex",
	reportNumber = "CMS-HIG-19-006, CERN-EP-2020-164",
	doi = "10.1007/JHEP01(2021)148",
	journal = "JHEP",
	volume = "01",
	pages = "148",
	year = "2021"
}
@techreport{ATLAS-CONF-2021-021,
	title         = "{Direct constraint on the Higgs-charm coupling from a
	search for Higgs boson decays to charm quarks with the
	ATLAS detector}",
	institution   = "CERN",
	collaboration = "ATLAS Collaboration",
	address       = "Geneva",
	reportNumber  = "ATLAS-CONF-2021-021",
	month         = "Jun",
	year          = "2021",
	url           = "https://cds.cern.ch/record/2771724",
	note          = "All figures including auxiliary figures are available at
	https://atlas.web.cern.ch/Atlas/GROUPS/PHYSICS/CONFNOTES/ATLAS-CONF-2021-021",
}
@article{CMS:2019hve,
	author = "Sirunyan, Albert M and others",
	collaboration = "CMS",
	title = "{A search for the standard model Higgs boson decaying to charm quarks}",
	eprint = "1912.01662",
	archivePrefix = "arXiv",
	primaryClass = "hep-ex",
	reportNumber = "CMS-HIG-18-031, CERN-EP-2019-257",
	doi = "10.1007/JHEP03(2020)131",
	journal = "JHEP",
	volume = "03",
	pages = "131",
	year = "2020"
}
@techreport{Bernius:2666331,
	author        = "Bernius, Catrin",
	title         = "{HL-LHC prospects from ATLAS and CMS}",
	institution   = "CERN",
	collaboration = "ATLAS Collaboration",
	address       = "Geneva",
	reportNumber  = "ATL-PHYS-PROC-2019-023",
	month         = "Mar",
	year          = "2019",
	url           = "https://cds.cern.ch/record/2666331",
}
@article{Papaefstathiou:2015paa,
	author = "Papaefstathiou, Andreas and Sakurai, Kazuki",
	title = "{Triple Higgs boson production at a 100 TeV proton-proton collider}",
	eprint = "1508.06524",
	archivePrefix = "arXiv",
	primaryClass = "hep-ph",
	reportNumber = "CERN-PH-TH-2015-205",
	doi = "10.1007/JHEP02(2016)006",
	journal = "JHEP",
	volume = "02",
	pages = "006",
	year = "2016"
}
@techreport{ATL-PHYS-PUB-2018-016,
	title         = "{Prospects for $H\rightarrow c\bar c$ using Charm Tagging
	with the ATLAS Experiment at the HL-LHC}",
	institution   = "CERN",
	collaboration = "ATLAS Collaboration",
	address       = "Geneva",
	reportNumber  = "ATL-PHYS-PUB-2018-016",
	month         = "Aug",
	year          = "2018",
	url           = "http://cds.cern.ch/record/2633635",
	note          = "All figures including auxiliary figures are available at
	https://atlas.web.cern.ch/Atlas/GROUPS/PHYSICS/PUBNOTES/ATL-PHYS-PUB-2018-016",
}
@article{ATLAS:2020qcv,
	author = "Aad, Georges and others",
	collaboration = "ATLAS",
	title = "{A search for the $Z\gamma$ decay mode of the Higgs boson in $pp$ collisions at $\sqrt{s}$ = 13 TeV with the ATLAS detector}",
	eprint = "2005.05382",
	archivePrefix = "arXiv",
	primaryClass = "hep-ex",
	reportNumber = "CERN-EP-2020-052",
	doi = "10.1016/j.physletb.2020.135754",
	journal = "Phys. Lett. B",
	volume = "809",
	pages = "135754",
	year = "2020"
}