@article{Zyla:2020zbs,
    author = "Zyla, P.A. and others",
    collaboration = "Particle Data Group",
    title = "{Review of Particle Physics}",
    doi = "10.1093/ptep/ptaa104",
    journal = "PTEP",
    volume = "2020",
    number = "8",
    pages = "083C01",
    year = "2020"
}
@article{Capozzi:2016rtj,
    author = "Capozzi, F. and Lisi, E. and Marrone, A. and Montanino, D. and Palazzo, A.",
    title = "{Neutrino masses and mixings: Status of known and unknown $3\nu$ parameters}",
    eprint = "1601.07777",
    archivePrefix = "arXiv",
    primaryClass = "hep-ph",
    doi = "10.1016/j.nuclphysb.2016.02.016",
    journal = "Nucl. Phys. B",
    volume = "908",
    pages = "218--234",
    year = "2016"
}
@article{PhysRevLett.10.531,
  title = {Unitary Symmetry and Leptonic Decays},
  author = {Cabibbo, Nicola},
  journal = {Phys. Rev. Lett.},
  volume = {10},
  issue = {12},
  pages = {531--533},
  numpages = {0},
  year = {1963},
  month = {Jun},
  publisher = {American Physical Society},
  doi = {10.1103/PhysRevLett.10.531},
  url = {https://link.aps.org/doi/10.1103/PhysRevLett.10.531}
}
@article{10.1143/PTP.49.652,
    author = {Kobayashi, Makoto and Maskawa, Toshihide},
    title = "{CP-Violation in the Renormalizable Theory of Weak Interaction}",
    journal = {Progress of Theoretical Physics},
    volume = {49},
    number = {2},
    pages = {652-657},
    year = {1973},
    month = {02},
    issn = {0033-068X},
    doi = {10.1143/PTP.49.652},
    url = {https://doi.org/10.1143/PTP.49.652},
    eprint = {https://academic.oup.com/ptp/article-pdf/49/2/652/5257692/49-2-652.pdf},
}
@book{minlos2000introduction,
  title={Introduction to mathematical statistical physics},
  author={Minlos, Robert Adol πfovich},
  number={19},
  year={2000},
  publisher={American Mathematical Soc.}
}

@article{osti_4008239,
title = {THE EIGHTFOLD WAY: A THEORY OF STRONG INTERACTION SYMMETRY},
author = {Gell-Mann, M},
doi = {10.2172/4008239},
url = {https://www.osti.gov/biblio/4008239}, 
place = {United States},
year = {1961},
month = {3}
}
@article{PhysRev.96.191,
  title = {Conservation of Isotopic Spin and Isotopic Gauge Invariance},
  author = {Yang, C. N. and Mills, R. L.},
  journal = {Phys. Rev.},
  volume = {96},
  issue = {1},
  pages = {191--195},
  numpages = {0},
  year = {1954},
  month = {Oct},
  publisher = {American Physical Society},
  doi = {10.1103/PhysRev.96.191},
  url = {https://link.aps.org/doi/10.1103/PhysRev.96.191}
}
@inproceedings{Freed1993LecturesOT,
  title={Lectures on Topological Quantum Field Theory},
  author={Daniel S. Freed},
  year={1993}
}
@article{dijkgraaf1990topological,
  title={Topological gauge theories and group cohomology},
  author={Dijkgraaf, Robbert and Witten, Edward},
  journal={Communications in Mathematical Physics},
  volume={129},
  number={2},
  pages={393--429},
  year={1990},
  publisher={Springer}
}

@article{salam1,
	Abstract = {A theory of strong as well as weak interactions is proposed using the idea of having only such interactions which arise from generalized gauge transformations.},
	Author = {Salam, A. and Ward, J. C.},
	Da = {1961/01/01},
	Date-Added = {2021-12-07 14:14:10 +0100},
	Date-Modified = {2021-12-07 14:14:10 +0100},
	Doi = {10.1007/BF02812723},
	Id = {Salam1961},
	Isbn = {1827-6121},
	Journal = {Il Nuovo Cimento (1955-1965)},
	Number = {1},
	Pages = {165--170},
	Title = {On a gauge theory of elementary interactions},
	Ty = {JOUR},
	Url = {https://doi.org/10.1007/BF02812723},
	Volume = {19},
	Year = {1961},
	Bdsk-Url-1 = {https://doi.org/10.1007/BF02812723}}


@article{salam2,
Author = {Salam, Abdus and Ward, J. C.},
Da = {1959/02/01},
Date-Added = {2021-12-07 14:17:17 +0100},
Date-Modified = {2021-12-07 14:17:17 +0100},
Doi = {10.1007/BF02726525},
Id = {Salam1959},
Isbn = {1827-6121},
Journal = {Il Nuovo Cimento (1955-1965)},
Number = {4},
Pages = {568--577},
Title = {Weak and electromagnetic interactions},
Ty = {JOUR},
Url = {https://doi.org/10.1007/BF02726525},
Volume = {11},
Year = {1959},
Bdsk-Url-1 = {https://doi.org/10.1007/BF02726525}}

@article{PhysRevLett.19.1264,
  title = {A Model of Leptons},
  author = {Weinberg, Steven},
  journal = {Phys. Rev. Lett.},
  volume = {19},
  issue = {21},
  pages = {1264--1266},
  numpages = {0},
  year = {1967},
  month = {Nov},
  publisher = {American Physical Society},
  doi = {10.1103/PhysRevLett.19.1264},
  url = {https://link.aps.org/doi/10.1103/PhysRevLett.19.1264}
}
@article{PhysRev.117.648,
  title = {Quasi-Particles and Gauge Invariance in the Theory of Superconductivity},
  author = {Nambu, Yoichiro},
  journal = {Phys. Rev.},
  volume = {117},
  issue = {3},
  pages = {648--663},
  numpages = {0},
  year = {1960},
  month = {Feb},
  publisher = {American Physical Society},
  doi = {10.1103/PhysRev.117.648},
  url = {https://link.aps.org/doi/10.1103/PhysRev.117.648}
}

@article{goldstone,
	Author = {Goldstone, J. },
	Journal = {Il Nuovo Cimento (1955-1965)},
	Number = {1},
	Pages = {154--164},
	Title = {Field theories with Superconductor solutions},
	Ty = {JOUR},
	Volume = {19},
	Year = {1961}
    }
@article{PhysRev.127.965,
  title = {Broken Symmetries},
  author = {Goldstone, Jeffrey and Salam, Abdus and Weinberg, Steven},
  journal = {Phys. Rev.},
  volume = {127},
  issue = {3},
  pages = {965--970},
  numpages = {0},
  year = {1962},
  month = {Aug},
  publisher = {American Physical Society},
  doi = {10.1103/PhysRev.127.965},
  url = {https://link.aps.org/doi/10.1103/PhysRev.127.965}
}
@article{PhysRev.130.439,
  title = {Plasmons, Gauge Invariance, and Mass},
  author = {Anderson, P. W.},
  journal = {Phys. Rev.},
  volume = {130},
  issue = {1},
  pages = {439--442},
  numpages = {0},
  year = {1963},
  month = {Apr},
  publisher = {American Physical Society},
  doi = {10.1103/PhysRev.130.439},
  url = {https://link.aps.org/doi/10.1103/PhysRev.130.439}
}
@article{PhysRevLett.13.321,
  title = {Broken Symmetry and the Mass of Gauge Vector Mesons},
  author = {Englert, F. and Brout, R.},
  journal = {Phys. Rev. Lett.},
  volume = {13},
  issue = {9},
  pages = {321--323},
  numpages = {0},
  year = {1964},
  month = {Aug},
  publisher = {American Physical Society},
  doi = {10.1103/PhysRevLett.13.321},
  url = {https://link.aps.org/doi/10.1103/PhysRevLett.13.321}
}
@article{PhysRevLett.13.508,
  title = {Broken Symmetries and the Masses of Gauge Bosons},
  author = {Higgs, Peter W.},
  journal = {Phys. Rev. Lett.},
  volume = {13},
  issue = {16},
  pages = {508--509},
  numpages = {0},
  year = {1964},
  month = {Oct},
  publisher = {American Physical Society},
  doi = {10.1103/PhysRevLett.13.508},
  url = {https://link.aps.org/doi/10.1103/PhysRevLett.13.508}
}
@article{PhysRevLett.13.585,
  title = {Global Conservation Laws and Massless Particles},
  author = {Guralnik, G. S. and Hagen, C. R. and Kibble, T. W. B.},
  journal = {Phys. Rev. Lett.},
  volume = {13},
  issue = {20},
  pages = {585--587},
  numpages = {0},
  year = {1964},
  month = {Nov},
  publisher = {American Physical Society},
  doi = {10.1103/PhysRevLett.13.585},
  url = {https://link.aps.org/doi/10.1103/PhysRevLett.13.585}
}
@article{Guralnik:2009jd,
    author = "Guralnik, Gerald S.",
    title = "{The History of the Guralnik, Hagen and Kibble development of the Theory of Spontaneous Symmetry Breaking and Gauge Particles}",
    eprint = "0907.3466",
    archivePrefix = "arXiv",
    primaryClass = "physics.hist-ph",
    reportNumber = "BROWN-HET-1555",
    doi = "10.1142/S0217751X09045431",
    journal = "Int. J. Mod. Phys. A",
    volume = "24",
    pages = "2601--2627",
    year = "2009"
}
%%%%%% EWPO %%%%%%
@article{ALEPH:2005ab,
    author = "Schael, S. and others",
    collaboration = "ALEPH, DELPHI, L3, OPAL, SLD, LEP Electroweak Working Group, SLD Electroweak Group, SLD Heavy Flavour Group",
    title = "{Precision electroweak measurements on the $Z$ resonance}",
    eprint = "hep-ex/0509008",
    archivePrefix = "arXiv",
    reportNumber = "SLAC-R-774",
    doi = "10.1016/j.physrep.2005.12.006",
    journal = "Phys. Rept.",
    volume = "427",
    pages = "257--454",
    year = "2006"
}
@article{SLD:2000jop,
    author = "Abe, Koya and others",
    collaboration = "SLD",
    title = "{First direct measurement of the parity violating coupling of the Z0 to the s quark}",
    eprint = "hep-ex/0006019",
    archivePrefix = "arXiv",
    reportNumber = "SLAC-PUB-8408",
    doi = "10.1103/PhysRevLett.85.5059",
    journal = "Phys. Rev. Lett.",
    volume = "85",
    pages = "5059--5063",
    year = "2000"
}
@article{Group:2012gb,
    author = "Group, Tevatron Electroweak Working",
    collaboration = "CDF, D0",
    title = "{2012 Update of the Combination of CDF and D0 Results for the Mass of the W Boson}",
    eprint = "1204.0042",
    archivePrefix = "arXiv",
    primaryClass = "hep-ex",
    reportNumber = "FERMILAB-TM-2532-E",
    month = "4",
    year = "2012"
}
@article{ALEPH:2013dgf,
    author = "Schael, S. and others",
    collaboration = "ALEPH, DELPHI, L3, OPAL, LEP Electroweak",
    title = "{Electroweak Measurements in Electron-Positron Collisions at W-Boson-Pair Energies at LEP}",
    eprint = "1302.3415",
    archivePrefix = "arXiv",
    primaryClass = "hep-ex",
    reportNumber = "CERN-PH-EP-2013-022",
    doi = "10.1016/j.physrep.2013.07.004",
    journal = "Phys. Rept.",
    volume = "532",
    pages = "119--244",
    year = "2013"
}
@article{2011baz,
    author = "Abazov, V. M. and others",
    collaboration = "D\O",
    title = "{Measurement of $\sin^2\theta_{\mathrm{eff}}^{\ell}$ and $Z$-light quark couplings using the forward-backward charge asymmetry in $p\bar{p} \to Z/\gamma^{*} \to e^{+}e^{-}$ events with ${\cal L}=5.0$ fb$^{-1}$ at $\sqrt{s}=1.96$ TeV}",
    eprint = "1104.4590",
    archivePrefix = "arXiv",
    primaryClass = "hep-ex",
    reportNumber = "FERMILAB-PUB-11-190-E",
    doi = "10.1103/PhysRevD.84.012007",
    journal = "Phys. Rev. D",
    volume = "84",
    pages = "012007",
    year = "2011"
}
@article{CMS:2014mgj,
    author = "Khachatryan, Vardan and others",
    collaboration = "CMS",
    title = "{Measurement of the t-channel single-top-quark production cross section and of the $\mid V_{tb} \mid$ CKM matrix element in pp collisions at $\sqrt{s}$= 8 TeV}",
    eprint = "1403.7366",
    archivePrefix = "arXiv",
    primaryClass = "hep-ex",
    reportNumber = "CMS-TOP-12-038, CERN-PH-EP-2014-032",
    doi = "10.1007/JHEP06(2014)090",
    journal = "JHEP",
    volume = "06",
    pages = "090",
    year = "2014"
}
@article{ATLAS:2017rzl,
    author = "Aaboud, Morad and others",
    collaboration = "ATLAS",
    title = "{Measurement of the $W$-boson mass in pp collisions at $\sqrt{s}=7$ TeV with the ATLAS detector}",
    eprint = "1701.07240",
    archivePrefix = "arXiv",
    primaryClass = "hep-ex",
    reportNumber = "CERN-EP-2016-305",
    doi = "10.1140/epjc/s10052-017-5475-4",
    journal = "Eur. Phys. J. C",
    volume = "78",
    number = "2",
    pages = "110",
    year = "2018",
    note = "[Erratum: Eur.Phys.J.C 78, 898 (2018)]"
}
%%%%%%%Tools%%%%%%%%%%
@article{Patel:2015tea,
    author = "Patel, Hiren",
    title = "{Package-X: A Mathematica package for the analytic calculation of one-loop integrals}",
    eprint = "1503.01469",
    archivePrefix = "arXiv",
    primaryClass = "hep-ph",
    doi = "10.1016/j.cpc.2015.08.017",
    journal = "Comput. Phys. Commun.",
    volume = "197",
    pages = "276--290",
    year = "2015"
}
@article{Smirnov:2008iw,
    author = "Smirnov, A.V.",
    title = "{Algorithm FIRE -- Feynman Integral REduction}",
    eprint = "0807.3243",
    archivePrefix = "arXiv",
    primaryClass = "hep-ph",
    reportNumber = "TTP08-30, SFB-CPP-08-51",
    doi = "10.1088/1126-6708/2008/10/107",
    journal = "JHEP",
    volume = "10",
    pages = "107",
    year = "2008"
}
@article{Maierhoefer:2017hyi,
    author = "Maierh{\"o}fer, Philipp and Usovitsch, Johann and Uwer, Peter",
    title = "{Kira---A Feynman integral reduction program}",
    eprint = "1705.05610",
    archivePrefix = "arXiv",
    primaryClass = "hep-ph",
    doi = "10.1016/j.cpc.2018.04.012",
    journal = "Comput. Phys. Commun.",
    volume = "230",
    pages = "99--112",
    year = "2018"
}
@article{Hahn:2000kx,
    author = "Hahn, Thomas",
    title = "{Generating Feynman diagrams and amplitudes with FeynArts 3}",
    eprint = "hep-ph/0012260",
    archivePrefix = "arXiv",
    reportNumber = "KA-TP-23-2000",
    doi = "10.1016/S0010-4655(01)00290-9",
    journal = "Comput. Phys. Commun.",
    volume = "140",
    pages = "418--431",
    year = "2001"
}
@article{Alloul:2013bka,
    author = "Alloul, Adam and Christensen, Neil D. and Degrande, C√àline and Duhr, Claude and Fuks, Benjamin",
    title = "{FeynRules  2.0 - A complete toolbox for tree-level phenomenology}",
    eprint = "1310.1921",
    archivePrefix = "arXiv",
    primaryClass = "hep-ph",
    reportNumber = "CERN-PH-TH-2013-239, MCNET-13-14, IPPP-13-71, DCPT-13-142, PITT-PACC-1308",
    doi = "10.1016/j.cpc.2014.04.012",
    journal = "Comput. Phys. Commun.",
    volume = "185",
    pages = "2250--2300",
    year = "2014"
}
@article{Dedes:2017zog,
    author = "Dedes, A. and Materkowska, W. and Paraskevas, M. and Rosiek, J. and Suxho, K.",
    title = "{Feynman rules for the Standard Model Effective Field Theory in $R_{\xi}$ -gauges}",
    eprint = "1704.03888",
    archivePrefix = "arXiv",
    primaryClass = "hep-ph",
    doi = "10.1007/JHEP06(2017)143",
    journal = "JHEP",
    volume = "06",
    pages = "143",
    year = "2017"
}
@article{Dawson:2018pyl,
    author = "Dawson, Sally and Giardino, Pier Paolo",
    title = "{Higgs decays to $ZZ$ and $Z\gamma$ in the standard model effective field theory: An NLO analysis}",
    eprint = "1801.01136",
    archivePrefix = "arXiv",
    primaryClass = "hep-ph",
    doi = "10.1103/PhysRevD.97.093003",
    journal = "Phys. Rev. D",
    volume = "97",
    number = "9",
    pages = "093003",
    year = "2018"
}
@article{Gauld:2015lmb,
    author = "Gauld, Rhorry and Pecjak, Benjamin D. and Scott, Darren J.",
    title = "{One-loop corrections to $h\to b\bar b$ and $h\to \tau\bar \tau$ decays in the Standard Model Dimension-6 EFT: four-fermion operators and the large-$m_t$ limit}",
    eprint = "1512.02508",
    archivePrefix = "arXiv",
    primaryClass = "hep-ph",
    reportNumber = "DCPT-15-34, IPPP-15-17",
    doi = "10.1007/JHEP05(2016)080",
    journal = "JHEP",
    volume = "05",
    pages = "080",
    year = "2016"
}
@article{Grzadkowski:2010es,
    author = "Grzadkowski, B. and Iskrzynski, M. and Misiak, M. and Rosiek, J.",
    title = "{Dimension-Six Terms in the Standard Model Lagrangian}",
    eprint = "1008.4884",
    archivePrefix = "arXiv",
    primaryClass = "hep-ph",
    reportNumber = "IFT-9-2010, TTP10-35",
    doi = "10.1007/JHEP10(2010)085",
    journal = "JHEP",
    volume = "10",
    pages = "085",
    year = "2010"
}
@article{Aad:2019mbh,
    author = "Aad, Georges and others",
    collaboration = "ATLAS",
    title = "{Combined measurements of Higgs boson production and decay using up to $80$ fb$^{-1}$ of proton-proton collision data at $\sqrt{s}=$ 13 TeV collected with the ATLAS experiment}",
    eprint = "1909.02845",
    archivePrefix = "arXiv",
    primaryClass = "hep-ex",
    reportNumber = "CERN-EP-2019-097",
    doi = "10.1103/PhysRevD.101.012002",
    journal = "Phys. Rev. D",
    volume = "101",
    number = "1",
    pages = "012002",
    year = "2020"
}
@article{Sirunyan:2018koj,
    author = "Sirunyan, Albert M and others",
    collaboration = "CMS",
    title = "{Combined measurements of Higgs boson couplings in proton\textendash{}proton collisions at $\sqrt{s}=13\,\text {Te}\text {V} $}",
    eprint = "1809.10733",
    archivePrefix = "arXiv",
    primaryClass = "hep-ex",
    reportNumber = "CMS-HIG-17-031, CERN-EP-2018-263",
    doi = "10.1140/epjc/s10052-019-6909-y",
    journal = "Eur. Phys. J. C",
    volume = "79",
    number = "5",
    pages = "421",
    year = "2019"
}
@article{Hartland:2019bjb,
    author = "Hartland, Nathan P. and Maltoni, Fabio and Nocera, Emanuele R. and Rojo, Juan and Slade, Emma and Vryonidou, Eleni and Zhang, Cen",
    title = "{A Monte Carlo global analysis of the Standard Model Effective Field Theory: the top quark sector}",
    eprint = "1901.05965",
    archivePrefix = "arXiv",
    primaryClass = "hep-ph",
    reportNumber = "OUTP-18-07P, Nikhef-2018-058, CP3-19-02, CERN-TH-2018-274",
    doi = "10.1007/JHEP04(2019)100",
    journal = "JHEP",
    volume = "04",
    pages = "100",
    year = "2019"
}
@article{Banelli:2020iau,
    author = "Banelli, Giovanni and Salvioni, Ennio and Serra, Javi and Theil, Tobias and Weiler, Andreas",
    title = "{The Present and Future of Four Top Operators}",
    eprint = "2010.05915",
    archivePrefix = "arXiv",
    primaryClass = "hep-ph",
    reportNumber = "TUM-HEP-1286-20, CERN-TH-2020-166",
    doi = "10.1007/JHEP02(2021)043",
    journal = "JHEP",
    volume = "02",
    pages = "043",
    year = "2021"
}
@article{DHondt:2018cww,
    author = "D'Hondt, Jorgen and Mariotti, Alberto and Mimasu, Ken and Moortgat, Seth and Zhang, Cen",
    title = "{Learning to pinpoint effective operators at the LHC: a study of the $ \mathrm{t}\overline{\mathrm{t}}\mathrm{b}\overline{\mathrm{b}} $ signature}",
    eprint = "1807.02130",
    archivePrefix = "arXiv",
    primaryClass = "hep-ph",
    reportNumber = "CP3-18-42",
    doi = "10.1007/JHEP11(2018)131",
    journal = "JHEP",
    volume = "11",
    pages = "131",
    year = "2018"
}
@article{deBlas:2015aea,
    author = "de Blas, Jorge and Chala, Mikael and Santiago, Jose",
    title = "{Renormalization Group Constraints on New Top Interactions from Electroweak Precision Data}",
    eprint = "1507.00757",
    archivePrefix = "arXiv",
    primaryClass = "hep-ph",
    reportNumber = "DESY-15-110",
    doi = "10.1007/JHEP09(2015)189",
    journal = "JHEP",
    volume = "09",
    pages = "189",
    year = "2015"
}
@article{Zhang:2017mls,
    author = "Zhang, Cen",
    title = "{Constraining $qqtt$ operators from four-top production: a case for enhanced EFT sensitivity}",
    eprint = "1708.05928",
    archivePrefix = "arXiv",
    primaryClass = "hep-ph",
    doi = "10.1088/1674-1137/42/2/023104",
    journal = "Chin. Phys. C",
    volume = "42",
    number = "2",
    pages = "023104",
    year = "2018"
}
@article{Ellis:2020unq,
    author = "Ellis, John and Madigan, Maeve and Mimasu, Ken and Sanz, Veronica and You, Tevong",
    title = "{Top, Higgs, Diboson and Electroweak Fit to the Standard Model Effective Field Theory}",
    eprint = "2012.02779",
    archivePrefix = "arXiv",
    primaryClass = "hep-ph",
    reportNumber = "KCL-PH-TH/2020-73, CERN-TH-2020-202",
    doi = "10.1007/JHEP04(2021)279",
    journal = "JHEP",
    volume = "04",
    pages = "279",
    year = "2021"
}
@article{Sirunyan:2019nxl,
    author = "Sirunyan, Albert M and others",
    collaboration = "CMS",
    title = "{Search for the production of four top quarks in the single-lepton and opposite-sign dilepton final states in proton-proton collisions at $ \sqrt{s} $ = 13 TeV}",
    eprint = "1906.02805",
    archivePrefix = "arXiv",
    primaryClass = "hep-ex",
    reportNumber = "CERN-EP-2019-098",
    doi = "10.1007/JHEP11(2019)082",
    journal = "JHEP",
    volume = "11",
    pages = "082",
    year = "2019"
}
@article{Aad:2020klt,
    author = "Aad, Georges and others",
    collaboration = "ATLAS",
    title = "{Evidence for $t\bar{t}t\bar{t}$ production in the multilepton final state in proton\textendash{}proton collisions at $\sqrt{s}=13$ $\text {TeV}$ with the ATLAS detector}",
    eprint = "2007.14858",
    archivePrefix = "arXiv",
    primaryClass = "hep-ex",
    reportNumber = "CERN-EP-2020-111",
    doi = "10.1140/epjc/s10052-020-08509-3",
    journal = "Eur. Phys. J. C",
    volume = "80",
    number = "11",
    pages = "1085",
    year = "2020"
}
@article{Frederix:2017wme,
    author = "Frederix, Rikkert and Pagani, Davide and Zaro, Marco",
    title = "{Large NLO corrections in $t\bar{t}W^{\pm}$ and $t\bar{t}t\bar{t}$ hadroproduction from supposedly subleading EW contributions}",
    eprint = "1711.02116",
    archivePrefix = "arXiv",
    primaryClass = "hep-ph",
    doi = "10.1007/JHEP02(2018)031",
    journal = "JHEP",
    volume = "02",
    pages = "031",
    year = "2018"
}
@article{Sirunyan:2020kgar,
    author = "Sirunyan, Albert M and others",
    collaboration = "CMS",
    title = "{Measurement of the cross section for $\text{t}\bar{\text{t}}$ production with additional jets and b jets in pp collisions at $\sqrt{s}=$ 13 TeV}",
    eprint = "2003.06467",
    archivePrefix = "arXiv",
    primaryClass = "hep-ex",
    reportNumber = "CMS-TOP-18-002, CERN-EP-2020-011",
    doi = "10.1007/JHEP07(2020)125",
    journal = "JHEP",
    volume = "07",
    pages = "125",
    year = "2020"
}
@article{McCullough:2013rea,
    author = "McCullough, Matthew",
    title = "{An Indirect Model-Dependent Probe of the Higgs Self-Coupling}",
    eprint = "1312.3322",
    archivePrefix = "arXiv",
    primaryClass = "hep-ph",
    reportNumber = "MIT-CTP-4521",
    doi = "10.1103/PhysRevD.90.015001",
    journal = "Phys. Rev. D",
    volume = "90",
    number = "1",
    pages = "015001",
    year = "2014",
    note = "[Erratum: Phys.Rev.D 92, 039903 (2015)]"
}
@article{Gorbahn:2016uoy,
    author = "Gorbahn, Martin and Haisch, Ulrich",
    title = "{Indirect probes of the trilinear Higgs coupling: $gg \to h$ and $h \to \gamma \gamma$}",
    eprint = "1607.03773",
    archivePrefix = "arXiv",
    primaryClass = "hep-ph",
    reportNumber = "LTH-1092, CERN-TH-2016-161",
    doi = "10.1007/JHEP10(2016)094",
    journal = "JHEP",
    volume = "10",
    pages = "094",
    year = "2016"
}
@article{Bizon:2016wgr,
    author = "Bizon, Wojciech and Gorbahn, Martin and Haisch, Ulrich and Zanderighi, Giulia",
    title = "{Constraints on the trilinear Higgs coupling from vector boson fusion and associated Higgs production at the LHC}",
    eprint = "1610.05771",
    archivePrefix = "arXiv",
    primaryClass = "hep-ph",
    reportNumber = "CERN-TH-2016-215, LTH-1104, OUTP-16-23P",
    doi = "10.1007/JHEP07(2017)083",
    journal = "JHEP",
    volume = "07",
    pages = "083",
    year = "2017"
}
@article{Degrassi:2016wml,
    author = "Degrassi, Giuseppe and Giardino, Pier Paolo and Maltoni, Fabio and Pagani, Davide",
    title = "{Probing the Higgs self coupling via single Higgs production at the LHC}",
    eprint = "1607.04251",
    archivePrefix = "arXiv",
    primaryClass = "hep-ph",
    reportNumber = "CP3-16-38, RM3-TH-16-8",
    doi = "10.1007/JHEP12(2016)080",
    journal = "JHEP",
    volume = "12",
    pages = "080",
    year = "2016"
}
@article{Degrassi:2021uik,
    author = "Degrassi, Giuseppe and Di Micco, Biagio and Giardino, Pier Paolo and Rossi, Eleonora",
    title = "{Higgs boson self-coupling constraints from single Higgs, double Higgs and Electroweak measurements}",
    eprint = "2102.07651",
    archivePrefix = "arXiv",
    primaryClass = "hep-ph",
    doi = "10.1016/j.physletb.2021.136307",
    journal = "Phys. Lett. B",
    volume = "817",
    pages = "136307",
    year = "2021"
}
@article{Degrassi:2019yix,
    author = "Degrassi, G. and Vitti, M.",
    title = "{The effect of an anomalous Higgs trilinear self-coupling on the $h \rightarrow \gamma \, Z$ decay}",
    eprint = "1912.06429",
    archivePrefix = "arXiv",
    primaryClass = "hep-ph",
    doi = "10.1140/epjc/s10052-020-7860-7",
    journal = "Eur. Phys. J. C",
    volume = "80",
    number = "4",
    pages = "307",
    year = "2020"
}
@article{Maltoni:2017ims,
    author = "Maltoni, Fabio and Pagani, Davide and Shivaji, Ambresh and Zhao, Xiaoran",
    title = "{Trilinear Higgs coupling determination via single-Higgs differential measurements at the LHC}",
    eprint = "1709.08649",
    archivePrefix = "arXiv",
    primaryClass = "hep-ph",
    reportNumber = "CP3-17-37, TUM-HEP-1099-17, MCNET-17-18",
    doi = "10.1140/epjc/s10052-017-5410-8",
    journal = "Eur. Phys. J. C",
    volume = "77",
    number = "12",
    pages = "887",
    year = "2017"
}
@article{DiVita:2017eyz,
    author = "Di Vita, Stefano and Grojean, Christophe and Panico, Giuliano and Riembau, Marc and Vantalon, Thibaud",
    title = "{A global view on the Higgs self-coupling}",
    eprint = "1704.01953",
    archivePrefix = "arXiv",
    primaryClass = "hep-ph",
    reportNumber = "DESY-17-044",
    doi = "10.1007/JHEP09(2017)069",
    journal = "JHEP",
    volume = "09",
    pages = "069",
    year = "2017"
}
@techreport{ATLAS:2018gug,
    collaboration = "ATLAS",
    title = "{Measurements of fiducial and differential cross-sections of $t\bar{t}$ production with additional heavy-flavour jets in proton-proton collisions at $\sqrt{s} = 13$ TeV with the ATLAS detector}",
    reportNumber = "ATLAS-CONF-2018-029",
    number = "ATLAS-CONF-2018-029",
    year = "2018"
}
@techreport{ATLAS:2019pbo,
    collaboration = "ATLAS",
    title = "{Constraints on the Higgs boson self-coupling from the combination of single-Higgs and double-Higgs production analyses performed with the ATLAS experiment}",
    reportNumber = "ATLAS-CONF-2019-049",
   number = "ATLAS-CONF-2019-049",
    year = "2019"
}
@techreport{CMS:2018rig,
    collaboration = "CMS",
    title = "{Constraints on the Higgs boson self-coupling from ttH+tH, H to gamma gamma differential measurements at the HL-LHC}",
    number = "CMS-PAS-FTR-18-020",
    reportNumber = "CMS-PAS-FTR-18-020",
    year = "2018"
}
@article{Degrande:2020evl,
    author = "Degrande, C\'eline and Durieux, Gauthier and Maltoni, Fabio and Mimasu, Ken and Vryonidou, Eleni and Zhang, Cen",
    title = "{Automated one-loop computations in the standard model effective field theory}",
    eprint = "2008.11743",
    archivePrefix = "arXiv",
    primaryClass = "hep-ph",
    reportNumber = "CERN-TH-2020-140, CP3-20-42",
    doi = "10.1103/PhysRevD.103.096024",
    journal = "Phys. Rev. D",
    volume = "103",
    number = "9",
    pages = "096024",
    year = "2021"
}
@article{Alwall:2014hca,
    author = "Alwall, J. and Frederix, R. and Frixione, S. and Hirschi, V. and Maltoni, F. and Mattelaer, O. and Shao, H. -S. and Stelzer, T. and Torrielli, P. and Zaro, M.",
    title = "{The automated computation of tree-level and next-to-leading order differential cross sections, and their matching to parton shower simulations}",
    eprint = "1405.0301",
    archivePrefix = "arXiv",
    primaryClass = "hep-ph",
    reportNumber = "CERN-PH-TH-2014-064, CP3-14-18, LPN14-066, MCNET-14-09, ZU-TH-14-14",
    doi = "10.1007/JHEP07(2014)079",
    journal = "JHEP",
    volume = "07",
    pages = "079",
    year = "2014"
}
@article{Ethier:2021bye,
    author = "Ethier, Jacob J. and Magni, Giacomo and Maltoni, Fabio and Mantani, Luca and Nocera, Emanuele R. and Rojo, Juan and Slade, Emma and Vryonidou, Eleni and Zhang, Cen",
    collaboration = "SMEFiT",
    title = "{Combined SMEFT interpretation of Higgs, diboson, and top quark data from the LHC}",
    eprint = "2105.00006",
    archivePrefix = "arXiv",
    primaryClass = "hep-ph",
    reportNumber = "OUTP-20-05P, Nikhef-2020-020, CP3-21-12, MCNET-21-07,
  MAN/HEP/2021/004",
    doi = "10.1007/JHEP11(2021)089",
    journal = "JHEP",
    volume = "11",
    pages = "089",
    year = "2021"
}

% EFT dictionary

@article{deBlas:2017xtg,
    author = "de Blas, J. and Criado, J. C. and Perez-Victoria, M. and Santiago, J.",
    title = "{Effective description of general extensions of the Standard Model: the complete tree-level dictionary}",
    eprint = "1711.10391",
    archivePrefix = "arXiv",
    primaryClass = "hep-ph",
    reportNumber = "CERN-TH-2017-251",
    doi = "10.1007/JHEP03(2018)109",
    journal = "JHEP",
    volume = "03",
    pages = "109",
    year = "2018"
}

@article{Anisha:2021hgc,
    author = {Anisha and Bakshi, Supratim Das and Banerjee, Shankha and Biek\"otter, Anke and Chakrabortty, Joydeep and Patra, Sunando Kumar and Spannowsky, Michael},
    title = "{Effective limits on single scalar extensions in the light of recent LHC data}",
    eprint = "2111.05876",
    archivePrefix = "arXiv",
    primaryClass = "hep-ph",
    reportNumber = "CERN-TH-2021-190, IPPP/21/48",
    month = "11",
    year = "2021"
}

% ayan's paper
@article{Grojean:2020ech,
    author = "Grojean, Christophe and Paul, Ayan and Qian, Zhuoni",
    title = "{Resurrecting $ b\overline{b}h $ with kinematic shapes}",
    eprint = "2011.13945",
    archivePrefix = "arXiv",
    primaryClass = "hep-ph",
    reportNumber = "DESY-20-175, HU-EP-20/28",
    doi = "10.1007/JHEP04(2021)139",
    journal = "JHEP",
    volume = "04",
    pages = "139",
    year = "2021"
}

% Experiment
@techreport{ATLAS:2020qdt,
	collaboration = "ATLAS",
	title = "{A combination of measurements of Higgs boson production and decay using up to $139$ fb$^{-1}$ of proton--proton collision data at $\sqrt{s}=$ 13 TeV collected with the ATLAS experiment}",
	reportNumber = "ATLAS-CONF-2020-027",
	number = "ATLAS-CONF-2020-027",
	year = "2020"
}
@article{CMS:2021kom,
	author = "Sirunyan, Albert M and others",
	collaboration = "CMS",
	title = "{Measurements of Higgs boson production cross sections and couplings in the diphoton decay channel at $ \sqrt{\mathrm{s}} $ = 13 TeV}",
	eprint = "2103.06956",
	archivePrefix = "arXiv",
	primaryClass = "hep-ex",
	reportNumber = "CMS-HIG-19-015, CERN-EP-2021-038",
	doi = "10.1007/JHEP07(2021)027",
	journal = "JHEP",
	volume = "07",
	pages = "027",
	year = "2021"
}
@techreport{CMS:2021ixs,
	collaboration = "CMS",
	title = "{Measurement of Higgs boson production in association with a W or Z boson in the H $\rightarrow$ WW decay channel}",
	reportNumber = "CMS-PAS-HIG-19-017",
	number = "CMS-PAS-HIG-19-017",
	year = "2021"
}
@techreport{CMS:2020iwy,
	collaboration = "CMS",
	title = "{Higgs boson production in association with top quarks in final states with electrons, muons, and hadronically decaying tau leptons at $\sqrt{s} = 13~\mathrm{TeV}$}",
	reportNumber = "CMS-PAS-HIG-19-008",
	number = "CMS-PAS-HIG-19-008",
	year = "2020"
}
@techreport{CMS:2020gsy,
	collaboration = "CMS",
	title = "{Combined Higgs boson production and decay measurements with up to 137 fb-1 of proton-proton collision data at sqrts = 13 TeV}",
	reportNumber = "CMS-PAS-HIG-19-005",
	number = "CMS-PAS-HIG-19-005",
	year = "2020"
}
@article{Brivio:2019ius,
	author = "Brivio, Ilaria and Bruggisser, Sebastian and Maltoni, Fabio and Moutafis, Rhea and Plehn, Tilman and Vryonidou, Eleni and Westhoff, Susanne and Zhang, C.",
	title = "{O new physics, where art thou? A global search in the top sector}",
	eprint = "1910.03606",
	archivePrefix = "arXiv",
	primaryClass = "hep-ph",
	reportNumber = "P3H-19-036, CERN-TH-2019-193",
	doi = "10.1007/JHEP02(2020)131",
	journal = "JHEP",
	volume = "02",
	pages = "131",
	year = "2020"
}
@article{Salvatier2016,
	doi = {10.7717/peerj-cs.55},
	url = {https://doi.org/10.7717/peerj-cs.55},
	year  = {2016},
	month = {apr},
	publisher = {{PeerJ}},
	volume = {2},
	pages = {e55},
	author = {John Salvatier and Thomas V. Wiecki and Christopher Fonnesbeck},
	title = {Probabilistic programming in Python using {PyMC}3},
	journal = {{PeerJ} Computer Science}
}
@article{arviz_2019,
	doi = {10.21105/joss.01143},
	url = {https://doi.org/10.21105/joss.01143},
	year = {2019},
	publisher = {The Open Journal},
	volume = {4},
	number = {33},
	pages = {1143},
	author = {Ravin Kumar and Colin Carroll and Ari Hartikainen and Osvaldo Martin},
	title = {ArviZ a unified library for exploratory analysis of Bayesian models in Python},
	journal = {Journal of Open Source Software}
}
@article{iminuit,
	author={Hans Dembinski and Piti Ongmongkolkul et al.},
	title={scikit-hep/iminuit},
	DOI={10.5281/zenodo.3949207},
	publisher={Zenodo},
	year={2020},
	month={Dec},
	url={https://doi.org/10.5281/zenodo.3949207}
}
@article{James:1975dr,
	author = "James, F. and Roos, M.",
	title = "{Minuit: A System for Function Minimization and Analysis of the Parameter Errors and Correlations}",
	reportNumber = "CERN-DD-75-20",
	doi = "10.1016/0010-4655(75)90039-9",
	journal = "Comput. Phys. Commun.",
	volume = "10",
	pages = "343--367",
	year = "1975"
}
@techreport{ATLAS:2021jki,
	collaboration = "ATLAS",
	title = "{Search for Higgs boson pair production in the two bottom quarks plus two photons final state in $pp$ collisions at $\sqrt{s}=13$ TeV with the ATLAS detector}",
	reportNumber = "ATLAS-CONF-2021-016",
	number = "ATLAS-CONF-2021-016",
	year = "2021"
}
@article{DiLuzio:2017tfn,
	author = {Di Luzio, Luca and Gr\"ober, Ramona and Spannowsky, Michael},
	title = "{Maxi-sizing the trilinear Higgs self-coupling: how large could it be?}",
	eprint = "1704.02311",
	archivePrefix = "arXiv",
	primaryClass = "hep-ph",
	reportNumber = "IPPP-17-26",
	doi = "10.1140/epjc/s10052-017-5361-0",
	journal = "Eur. Phys. J. C",
	volume = "77",
	number = "11",
	pages = "788",
	year = "2017"
}
@article{Ossola:2008xq,
	author = "Ossola, Giovanni and Papadopoulos, Costas G. and Pittau, Roberto",
	title = "{On the Rational Terms of the one-loop amplitudes}",
	eprint = "0802.1876",
	archivePrefix = "arXiv",
	primaryClass = "hep-ph",
	doi = "10.1088/1126-6708/2008/05/004",
	journal = "JHEP",
	volume = "05",
	pages = "004",
	year = "2008"
}
@article{Ossola:2007ax,
	author = "Ossola, Giovanni and Papadopoulos, Costas G. and Pittau, Roberto",
	title = "{CutTools: A Program implementing the OPP reduction method to compute one-loop amplitudes}",
	eprint = "0711.3596",
	archivePrefix = "arXiv",
	primaryClass = "hep-ph",
	doi = "10.1088/1126-6708/2008/03/042",
	journal = "JHEP",
	volume = "03",
	pages = "042",
	year = "2008"
}
%%Plotting
@article{Bocquet2016,
	doi = {10.21105/joss.00046},
	url = {http://dx.doi.org/10.21105/joss.00046},
	year  = {2016},
	month = {oct},
	publisher = {The Open Journal},
	volume = {1},
	number = {6},
	author = {Sebastian Bocquet and Faustin W. Carter},
	title = {pygtc: beautiful parameter covariance plots (aka. Giant Triangle Confusograms)},
	journal = {The Journal of Open Source Software}
}
    @article{corner,
	doi = {10.21105/joss.00024},
	url = {https://doi.org/10.21105/joss.00024},
	year  = {2016},
	month = {jun},
	publisher = {The Open Journal},
	volume = {1},
	number = {2},
	pages = {24},
	author = {Daniel Foreman-Mackey},
	title = {corner.py: Scatterplot matrices in Python},
	journal = {The Journal of Open Source Software}
}
@software{paul_zivich_2019_3339870,
	author       = {Paul Zivich},
	title        = {{pzivich/Python-for-Epidemiologists: Updates for 
	v0.8.0}},
	month        = jul,
	year         = 2019,
	publisher    = {Zenodo},
	version      = {v0.8.0},
	doi          = {10.5281/zenodo.3339870},
	url          = {https://doi.org/10.5281/zenodo.3339870}
}
@article{Ossola:2006us,
	author = "Ossola, Giovanni and Papadopoulos, Costas G. and Pittau, Roberto",
	title = "{Reducing full one-loop amplitudes to scalar integrals at the integrand level}",
	eprint = "hep-ph/0609007",
	archivePrefix = "arXiv",
	doi = "10.1016/j.nuclphysb.2006.11.012",
	journal = "Nucl. Phys. B",
	volume = "763",
	pages = "147--169",
	year = "2007"
}
@article{Jenkins:2013zja,
    author = "Jenkins, Elizabeth E. and Manohar, Aneesh V. and Trott, Michael",
    title = "{Renormalization Group Evolution of the Standard Model Dimension Six Operators I: Formalism and lambda Dependence}",
    eprint = "1308.2627",
    archivePrefix = "arXiv",
    primaryClass = "hep-ph",
    doi = "10.1007/JHEP10(2013)087",
    journal = "JHEP",
    volume = "10",
    pages = "087",
    year = "2013"
}
@article{Jenkins:2013wua,
    author = "Jenkins, Elizabeth E. and Manohar, Aneesh V. and Trott, Michael",
    title = "{Renormalization Group Evolution of the Standard Model Dimension Six Operators II: Yukawa Dependence}",
    eprint = "1310.4838",
    archivePrefix = "arXiv",
    primaryClass = "hep-ph",
    reportNumber = "CERN-PH-TH/2015-247",
    doi = "10.1007/JHEP01(2014)035",
    journal = "JHEP",
    volume = "01",
    pages = "035",
    year = "2014"
}
@article{Alonso:2013hga,
    author = "Alonso, Rodrigo and Jenkins, Elizabeth E. and Manohar, Aneesh V. and Trott, Michael",
    title = "{Renormalization Group Evolution of the Standard Model Dimension Six Operators III: Gauge Coupling Dependence and Phenomenology}",
    eprint = "1312.2014",
    archivePrefix = "arXiv",
    primaryClass = "hep-ph",
    reportNumber = "CERN-PH-TH-2013-305, CERN-PH-TH/2013-305",
    doi = "10.1007/JHEP04(2014)159",
    journal = "JHEP",
    volume = "04",
    pages = "159",
    year = "2014"
}
@article{Ball:2012cx,
    author = "Ball, Richard D. and others",
    title = "{Parton distributions with LHC data}",
    eprint = "1207.1303",
    archivePrefix = "arXiv",
    primaryClass = "hep-ph",
    reportNumber = "EDINBURGH-2012-08, IFUM-FT-997, FR-PHENO-2012-014, RWTH-TTK-12-25, CERN-PH-TH-2012-037, SFB-CPP-12-47",
    doi = "10.1016/j.nuclphysb.2012.10.003",
    journal = "Nucl. Phys. B",
    volume = "867",
    pages = "244--289",
    year = "2013"
}
@techreport{CMS-PAS-FTR-18-011,
	title         = "{Sensitivity projections for Higgs boson properties
	measurements at the HL-LHC}",
	institution   = "CERN",
	collaboration = "CMS Collaboration",
	address       = "Geneva",
	reportNumber  = "CMS-PAS-FTR-18-011",
	year          = "2018",
	url           = "https://cds.cern.ch/record/2647699",
}
@article{Aguilar-Saavedra:2018ksv,
	author = "Barducci, D. and others",
	editor = "Aguilar-Saavedra, Juan Antonio and Degrande, C. and Durieux, G. and Maltoni, F. and Vryonidou, E. and Zhang, C.",
	title = "{Interpreting top-quark LHC measurements in the standard-model effective field theory}",
	eprint = "1802.07237",
	archivePrefix = "arXiv",
	primaryClass = "hep-ph",
	reportNumber = "CERN-LPCC-2018-01",
	month = "2",
	year = "2018"
}
@article{IML,
	author = {Alasfar, Lina and Gr\"ober, Ramona and Grojean, Chrstophe and Paul, Ayan and Qian, Zhuoni},
	title = "{Machine learning augmented probes of light-quark Yukawa and trilinear couplings from Higgs pair production}",
	journal = "In preparation",
	year = "2021"
}
@article{CMS:2018ccd,
	collaboration = "CMS",
	title = "{Prospects for HH measurements at the HL-LHC}",
	reportNumber = "CMS-PAS-FTR-18-019",
	journal = "CMS-PAS-FTR-18-019",
	year = "2018"
}

% Future colliders
@article{FCC:2018byv,
    author = "Abada, A. and others",
    collaboration = "FCC",
    title = "{FCC Physics Opportunities}: {Future Circular Collider Conceptual Design Report Volume 1}",
    reportNumber = "CERN-ACC-2018-0056",
    doi = "10.1140/epjc/s10052-019-6904-3",
    journal = "Eur. Phys. J. C",
    volume = "79",
    number = "6",
    pages = "474",
    year = "2019"
}

@article{FCC:2018evy,
    author = "Abada, A. and others",
    collaboration = "FCC",
    title = "{FCC-ee: The Lepton Collider}: {Future Circular Collider Conceptual Design Report Volume 2}",
    reportNumber = "CERN-ACC-2018-0057",
    doi = "10.1140/epjst/e2019-900045-4",
    journal = "Eur. Phys. J. ST",
    volume = "228",
    number = "2",
    pages = "261--623",
    year = "2019"
}

@article{Bambade:2019fyw,
    author = "Bambade, Philip and others",
    title = "{The International Linear Collider: A Global Project}",
    eprint = "1903.01629",
    archivePrefix = "arXiv",
    primaryClass = "hep-ex",
    reportNumber = "DESY 19-037, DESY-19-037, FERMILAB-FN-1067-PPD, IFIC/19-10, IRFU-19-10,
  JLAB-PHY-19-2854, KEK Preprint 2018-92, JLAB-PHY-19-2854, KEK
  Preprint 2018-92, LAL/RT 19-001, PNNL-SA-142168,
  SLAC-PUB-17412, SLAC-PUB-17412",
    month = "3",
    year = "2019"
}

@article{LCCPhysicsWorkingGroup:2019fvj,
    author = "Fujii, Keisuke and others",
    collaboration = "LCC Physics Working Group",
    title = "{Tests of the Standard Model at the International Linear Collider}",
    eprint = "1908.11299",
    archivePrefix = "arXiv",
    primaryClass = "hep-ex",
    reportNumber = "DESY 19-146, KEK Preprint 2019-22, SLAC-PUB-17467, DESY-19-146",
    month = "8",
    year = "2019"
}

@article{CLICdp:2018cto,
    author = "Charles, T. K. and others",
    editor = "Burrows, P. N. and Catalan Lasheras, N. and Linssen, L. and Petri\v{c}, M. and Robson, A. and Schulte, D. and Sicking, E. and Stapnes, S.",
    collaboration = "CLICdp, CLIC",
    title = "{The Compact Linear Collider (CLIC) - 2018 Summary Report}",
    eprint = "1812.06018",
    archivePrefix = "arXiv",
    primaryClass = "physics.acc-ph",
    reportNumber = "CERN-2018-005-M, CERN-2018-005",
    doi = "10.23731/CYRM-2018-002",
    volume = "2/2018",
    month = "12",
    year = "2018"
}

@article{deBlas:2018mhx,
    author = "de Blas, J. and others",
    title = "{The CLIC Potential for New Physics}",
    eprint = "1812.02093",
    archivePrefix = "arXiv",
    primaryClass = "hep-ph",
    reportNumber = "CERN-TH-2018-267, CERN-2018-009-M",
    doi = "10.23731/CYRM-2018-003",
    volume = "3/2018",
    month = "12",
    year = "2018"
}

@article{An:2018dwb,
    author = "An, Fenfen and others",
    title = "{Precision Higgs physics at the CEPC}",
    eprint = "1810.09037",
    archivePrefix = "arXiv",
    primaryClass = "hep-ex",
    reportNumber = "FERMILAB-PUB-18-573-T",
    doi = "10.1088/1674-1137/43/4/043002",
    journal = "Chin. Phys. C",
    volume = "43",
    number = "4",
    pages = "043002",
    year = "2019"
}

@article{CEPCStudyGroup:2018ghi,
    author = "Dong, Mingyi and others",
    editor = "Guimar\~aes da Costa, Jo\~ao Barreiro and others",
    collaboration = "CEPC Study Group",
    title = "{CEPC Conceptual Design Report: Volume 2 - Physics \& Detector}",
    eprint = "1811.10545",
    archivePrefix = "arXiv",
    primaryClass = "hep-ex",
    reportNumber = "IHEP-CEPC-DR-2018-02, IHEP-EP-2018-01, IHEP-TH-2018-01",
    month = "11",
    year = "2018"
}

% Self-couling at lepton colliders
@article{DiVita:2017vrr,
    author = "Di Vita, Stefano and Durieux, Gauthier and Grojean, Christophe and Gu, Jiayin and Liu, Zhen and Panico, Giuliano and Riembau, Marc and Vantalon, Thibaud",
    title = "{A global view on the Higgs self-coupling at lepton colliders}",
    eprint = "1711.03978",
    archivePrefix = "arXiv",
    primaryClass = "hep-ph",
    reportNumber = "DESY-17-131, FERMILAB-PUB-17-462-T",
    doi = "10.1007/JHEP02(2018)178",
    journal = "JHEP",
    volume = "02",
    pages = "178",
    year = "2018"
}
@misc{GitHub,
  howpublished = "\url{https://github.com/alasfar-lina/trilinear4tops}"
}


@article{Haisch:2021hvy,
    author = {Haisch, Ulrich and Koole, Gabri\"el},
    title = "{Off-shell Higgs production at the LHC as a probe of the trilinear Higgs coupling}",
    eprint = "2111.12589",
    archivePrefix = "arXiv",
    primaryClass = "hep-ph",
    month = "11",
    year = "2021"
}
% HL-LHC Higgs

@online{twiki,
	ALTauthor = {AndrewGilbert} ,
	title = {Guidelines for extrapolation of CMS and ATLAS LHC/HL-LHC couplings projections to HE-LHC},
	date = {2018-11-22},
	url = {https://twiki.cern.ch/twiki/bin/view/LHCPhysics/GuidelinesCouplingProjections2018#Details%20of%20the%20CMS%20projections},
}

@article{Cepeda:2019klc,
    author = "Cepeda, M. and others",
    editor = "Dainese, Andrea and Mangano, Michelangelo and Meyer, Andreas B. and Nisati, Aleandro and Salam, Gavin and Vesterinen, Mika Anton",
    title = "{Report from Working Group 2}: {Higgs Physics at the HL-LHC and HE-LHC}",
    eprint = "1902.00134",
    archivePrefix = "arXiv",
    primaryClass = "hep-ph",
    reportNumber = "CERN-LPCC-2018-04",
    doi = "10.23731/CYRM-2019-007.221",
    journal = "CERN Yellow Rep. Monogr.",
    volume = "7",
    pages = "221--584",
    year = "2019"
}
@article{Herren:2017osy,
    author = "Herren, Florian and Steinhauser, Matthias",
    title = "{Version 3 of RunDec and CRunDec}",
    eprint = "1703.03751",
    archivePrefix = "arXiv",
    primaryClass = "hep-ph",
    reportNumber = "TTP17-011",
    doi = "10.1016/j.cpc.2017.11.014",
    journal = "Comput. Phys. Commun.",
    volume = "224",
    pages = "333--345",
    year = "2018"
}
