
@article{Ciuchini:2021smi,
	author = "Ciuchini, Marco and Fedele, Marco and Franco, Enrico and Paul, Ayan and Silvestrini, Luca and Valli, Mauro",
	title = "{New Physics without bias: Charming Penguins and Lepton Universality Violation in $b \to s \ell^+ \ell^-$ decays}",
	eprint = "2110.10126",
	archivePrefix = "arXiv",
	primaryClass = "hep-ph",
	reportNumber = "DESY 21-168, HU-EP-21/42, TTP21-040, P3H-21-077, YITP-SB-2021-20",
	month = "10",
	year = "2021"
}
@article{Ciccolini:2007ec,
	author = "Ciccolini, Mariano and Denner, Ansgar and Dittmaier, Stefan",
	title = "{Electroweak and QCD corrections to Higgs production via vector-boson fusion at the LHC}",
	eprint = "0710.4749",
	archivePrefix = "arXiv",
	primaryClass = "hep-ph",
	reportNumber = "MPP-2007-152, PSI-PR-07-06, UWTHPH-2007-26",
	doi = "10.1103/PhysRevD.77.013002",
	journal = "Phys. Rev. D",
	volume = "77",
	pages = "013002",
	year = "2008"
}
@article{Denner:2018opp,
	author = "Denner, Ansgar and Dittmaier, Stefan and Lang, Jean-Nicolas",
	title = "{Renormalization of mixing angles}",
	eprint = "1808.03466",
	archivePrefix = "arXiv",
	primaryClass = "hep-ph",
	reportNumber = "FR-PHENO-2018-10, ZU-TH 31/18",
	doi = "10.1007/JHEP11(2018)104",
	journal = "JHEP",
	volume = "11",
	pages = "104",
	year = "2018"
}
@Article{Degrassi2022a,
	author        = {Giuseppe Degrassi and Ramona Gröber and Marco Vitti and Xiaoran Zhao},
	title         = {On the NLO QCD Corrections to Gluon-Initiated ZH Production},
	year          = {2022},
	month         = may,
	abstract      = {We compute the QCD corrections at next-to-leading order for the process $gg \rightarrow ZH$, including both the virtual two-loop terms and real-emission contributions. The two-loop box diagrams in the virtual corrections are approximated analytically over the complete phase space, combining the results of an expansion in the limit of small transverse momentum and an expansion in the regime of high energy. We obtain both inclusive and differential results for the cross section. We find that the NLO QCD corrections are of the same size as the LO contribution up to $ZH$ invariant masses close to 1 TeV, but they increase significantly when higher energies are considered, due to a class of real-emission diagrams in which the $Z$ boson is radiated from an open quark line. Finally, we estimate the uncertainty due to the renormalization scheme used for the top-quark mass both on the total and differential cross section.},
	archiveprefix = {arXiv},
	eprint        = {2205.02769},
	file          = {:http\://arxiv.org/pdf/2205.02769v2:PDF},
	keywords      = {hep-ph},
	primaryclass  = {hep-ph},
}
@Article{Buchalla2022,
	author        = {G. Buchalla and G. Heinrich and Ch. Müller-Salditt and F. Pandler},
	title         = {Loop counting matters in SMEFT},
	year          = {2022},
	month         = apr,
	abstract      = {We show that, in addition to the counting of canonical dimensions, a counting of loop orders is necessary to fully specify the power counting of Standard Model Effective Field Theory (SMEFT). Using concrete examples, we demonstrate that considering the canonical dimensions of operators alone may lead to inconsistent results. The counting of both, canonical dimensions and loop orders, establishes a clear hierarchy of the terms in SMEFT. In practice, this serves to identify, and focus on, the potentially dominating effects in any given high-energy process in a meaningful way. Additionally, this will lead to a consistent limitation of free parameters in SMEFT applications.},
	archiveprefix = {arXiv},
	eprint        = {2204.11808},
	file          = {:http\://arxiv.org/pdf/2204.11808v1:PDF},
	keywords      = {hep-ph},
	primaryclass  = {hep-ph},
}

@Article{Dreyer2018,
	author    = {Fr{\'{e}}d{\'{e}}ric A. Dreyer and Alexander Karlberg},
	journal   = {Physical Review D},
	title     = {Vector-boson fusion Higgs pair production at $\less$mml:math xmlns:mml="http://www.w3.org/1998/Math/{MathML}" display="inline"$\greater$$\less$mml:mrow$\greater$$\less$mml:msup$\greater$$\less$mml:mrow$\greater$$\less$mml:mi mathvariant="normal"$\greater$N$\less$/mml:mi$\greater$$\less$/mml:mrow$\greater$$\less$mml:mrow$\greater$$\less$mml:mn$\greater$3$\less$/mml:mn$\greater$$\less$/mml:mrow$\greater$$\less$/mml:msup$\greater$$\less$mml:mi$\greater${LO}$\less$/mml:mi$\greater$$\less$/mml:mrow$\greater$$\less$/mml:math$\greater$},
	year      = {2018},
	month     = {dec},
	number    = {11},
	pages     = {114016},
	volume    = {98},
	doi       = {10.1103/physrevd.98.114016},
	publisher = {American Physical Society ({APS})},
}

@article{PhysRev.51.125,
	title = {A Symmetry Theorem in the Positron Theory},
	author = {Furry, W. H.},
	journal = {Phys. Rev.},
	volume = {51},
	issue = {2},
	pages = {125--129},
	numpages = {0},
	year = {1937},
	month = {Jan},
	publisher = {American Physical Society},
	doi = {10.1103/PhysRev.51.125},
	url = {https://link.aps.org/doi/10.1103/PhysRev.51.125}
}

@article{Aaboud:2019roo,
	author = "Aaboud, Morad and others",
	collaboration = "ATLAS",
	title = "{Search for heavy particles decaying into a top-quark pair in the fully hadronic final state in $pp$ collisions at $\sqrt{s} =$ 13  TeV with the ATLAS detector}",
	eprint = "1902.10077",
	archivePrefix = "arXiv",
	primaryClass = "hep-ex",
	reportNumber = "CERN-EP-2018-350",
	doi = "10.1103/PhysRevD.99.092004",
	journal = "Phys. Rev. D",
	volume = "99",
	number = "9",
	pages = "092004",
	year = "2019"
}

@article{vanNeerven:1991gh,
	author         = "van Neerven, W. L. and Zijlstra, E. B.",
	title          = "{The $O(\alpha_s^2)$ corrected Drell-Yan $K$ factor in
	the DIS and MS scheme}",
	journal        = "Nucl. Phys.",
	volume         = "B382",
	year           = "1992",
	pages          = "11-62",
	doi            = "10.1016/j.nuclphysb.2003.12.019,
	10.1016/0550-3213(92)90078-P",
	note           = "[Erratum: Nucl. Phys.B680,513(2004)]",
	reportNumber   = "INLO-PUB-14-91",
	SLACcitation   = "%%CITATION = NUPHA,B382,11;%%"
}
@article{ATLAS:2019npw,
	author = "Aaboud, Morad and others",
	collaboration = "ATLAS",
	title = "{Search for heavy particles decaying into a top-quark pair in the fully hadronic final state in $pp$ collisions at $\sqrt{s} =$ 13  TeV with the ATLAS detector}",
	eprint = "1902.10077",
	archivePrefix = "arXiv",
	primaryClass = "hep-ex",
	reportNumber = "CERN-EP-2018-350",
	doi = "10.1103/PhysRevD.99.092004",
	journal = "Phys. Rev. D",
	volume = "99",
	number = "9",
	pages = "092004",
	year = "2019"
}
@techreport{ATLAS-CONF-2019-001,
	title         = "{Search for high-mass dilepton resonances using
	$139\,\mathrm{fb}^{-1}$ of $pp$ collision data collected at
	$\sqrt{s}=13\,\mathrm{TeV}$ with the ATLAS detector}",
	institution   = "CERN",
	collaboration = "ATLAS Collaboration",
	address       = "Geneva",
	reportNumber  = "ATLAS-CONF-2019-001",
	month         = "Feb",
	year          = "2019",
	url           = "https://cds.cern.ch/record/2663393",
	note          = "All figures including auxiliary figures are available at
	https://atlas.web.cern.ch/Atlas/GROUPS/PHYSICS/CONFNOTES/ATLAS-CONF-2019-001",
}

@article{Angelescu:2018tyl,
    author = "Angelescu, A. and Be\v cirevi\'c, Damir and Faroughy, D.A. and Sumensari, O.",
    title = "{Closing the window on single leptoquark solutions to the $B$-physics anomalies}",
    eprint = "1808.08179",
    archivePrefix = "arXiv",
    primaryClass = "hep-ph",
    reportNumber = "LPT-Orsay-18-81",
    doi = "10.1007/JHEP10(2018)183",
    journal = "JHEP",
    volume = "10",
    pages = "183",
    year = "2018"
}

@article{Aaboud:2018pii,
	author = "Aaboud, Morad and others",
	collaboration = "ATLAS",
	title = "{Combination of the searches for pair-produced vector-like partners of the third-generation quarks at $\sqrt{s} =$ 13 TeV with the ATLAS detector}",
	eprint = "1808.02343",
	archivePrefix = "arXiv",
	primaryClass = "hep-ex",
	reportNumber = "CERN-EP-2018-205",
	doi = "10.1103/PhysRevLett.121.211801",
	journal = "Phys. Rev. Lett.",
	volume = "121",
	number = "21",
	pages = "211801",
	year = "2018"
}

@article{Aaboud:2018djx,
	author = "Aaboud, Morad and others",
	collaboration = "ATLAS",
	title = "{A search for pairs of highly collimated photon-jets in $pp$ collisions at $\sqrt{s}$ = 13 TeV with the ATLAS detector}",
	eprint = "1808.10515",
	archivePrefix = "arXiv",
	primaryClass = "hep-ex",
	reportNumber = "CERN-EP-2018-143",
	doi = "10.1103/PhysRevD.99.012008",
	journal = "Phys. Rev. D",
	volume = "99",
	number = "1",
	pages = "012008",
	year = "2019"
}

@article{Aad:2019mbh,
	author = "Aad, Georges and others",
	collaboration = "ATLAS",
	title = "{Combined measurements of Higgs boson production and decay using up to $80$ fb$^{-1}$ of proton-proton collision data at $\sqrt{s}=$ 13 TeV collected with the ATLAS experiment}",
	eprint = "1909.02845",
	archivePrefix = "arXiv",
	primaryClass = "hep-ex",
	reportNumber = "CERN-EP-2019-097",
	doi = "10.1103/PhysRevD.101.012002",
	journal = "Phys. Rev. D",
	volume = "101",
	number = "1",
	pages = "012002",
	year = "2020"
}

@article{Ciuchini:2015qxb,
      author         = "Ciuchini, Marco and Fedele, Marco and Franco, Enrico and
                        Mishima, Satoshi and Paul, Ayan and Silvestrini, Luca and
                        Valli, Mauro",
      title          = "{$B\to K^* \ell^+ \ell^-$ decays at large recoil in the
                        Standard Model: a theoretical reappraisal}",
      journal        = "JHEP",
      volume         = "06",
      year           = "2016",
      pages          = "116",
      doi            = "10.1007/JHEP06(2016)116",
      eprint         = "1512.07157",
      archivePrefix  = "arXiv",
      primaryClass   = "hep-ph",
      SLACcitation   = "%%CITATION = ARXIV:1512.07157;%%"
}

@article{Ciuchini:2016weo,
      author         = "Ciuchini, Marco and Fedele, Marco and Franco, Enrico and
                        Mishima, Satoshi and Paul, Ayan and Silvestrini, Luca and
                        Valli, Mauro",
      title          = "{$B\to K^*\ell^+\ell^-$ in the Standard Model:
                        Elaborations and Interpretations}",
      booktitle      = "{Proceedings, 38th International Conference on High
                        Energy Physics (ICHEP 2016): Chicago, IL, USA, August
                        3-10, 2016}",
      journal        = "PoS",
      volume         = "ICHEP2016",
      year           = "2016",
      pages          = "584",
      doi            = "10.22323/1.282.0584",
      eprint         = "1611.04338",
      archivePrefix  = "arXiv",
      primaryClass   = "hep-ph",
      SLACcitation   = "%%CITATION = ARXIV:1611.04338;%%"
}

@article{Ciuchini:2017mik,
      author         = "Ciuchini, Marco and Coutinho, Antonio M. and Fedele,
                        Marco and Franco, Enrico and Paul, Ayan and Silvestrini,
                        Luca and Valli, Mauro",
      title          = "{On Flavourful Easter eggs for New Physics hunger and
                        Lepton Flavour Universality violation}",
      journal        = "Eur. Phys. J.",
      volume         = "C77",
      year           = "2017",
      number         = "10",
      pages          = "688",
      doi            = "10.1140/epjc/s10052-017-5270-2",
      eprint         = "1704.05447",
      archivePrefix  = "arXiv",
      primaryClass   = "hep-ph",
      SLACcitation   = "%%CITATION = ARXIV:1704.05447;%%"
}

@article{Ciuchini:2017gva,
      author         = "Ciuchini, Marco and Fedele, Marco and Franco, Enrico and
                        Mishima, Satoshi and Paul, Ayan and Silvestrini, Luca and
                        Valli, Mauro",
      title          = "{Knowns and Unknowns in the Predictions for $B \to
                        K^{*}\mu^{+}\mu^{-}$}",
      booktitle      = "{Proceedings, 6th Workshop on Theory, Phenomenology and
                        Experiments in Flavour Physics : Interplay of Flavour
                        Physics with electroweak symmetry breaking. (Capri 2016):
                        Anacapri, Capri, Italy, June 11-13, 2016}",
      journal        = "Nucl. Part. Phys. Proc.",
      volume         = "285-286",
      year           = "2017",
      pages          = "45-49",
      doi            = "10.1016/j.nuclphysbps.2017.03.009",
      SLACcitation   = "%%CITATION = INSPIRE-1598381;%%"
}

@article{Ciuchini:2018xll,
      author         = "Ciuchini, Marco and Coutinho, Antonio M. and Fedele,
                        Marco and Franco, Enrico and Paul, Ayan and Silvestrini,
                        Luca and Valli, Mauro",
      title          = "{On hadronic uncertainties polluting the New Physics hunt
                        in $b \rightarrow s$ transitions}",
      booktitle      = "{Proceedings, 7th Workshop on Theory, Phenomenology and
                        Experiments in Flavour Physics: The Future of BSM Physics
                        (FPCapri 2018): Anacapri, Capri, Italy, June 8-10, 2018}",
      journal        = "Nucl. Part. Phys. Proc.",
      volume         = "303-305",
      year           = "2018",
      pages          = "8-13",
      doi            = "10.1016/j.nuclphysbps.2019.03.003",
      SLACcitation   = "%%CITATION = INSPIRE-1732432;%%"
}

@article{Ciuchini:2018anp,
      author         = "Ciuchini, Marco and Coutinho, Antonio M. and Fedele,
                        Marco and Franco, Enrico and Paul, Ayan and Silvestrini,
                        Luca and Valli, Mauro",
      title          = "{Hadronic uncertainties in semileptonic $B\to
                        K^*\mu^+\mu^-$ decays}",
      booktitle      = "{Proceedings, 17th International Conference on B-Physics
                        at Frontier Machines (Beauty 2018): La Biodola, Elba
                        island, Italy, May 6-11, 2018}",
      journal        = "PoS",
      volume         = "BEAUTY2018",
      year           = "2018",
      pages          = "044",
      doi            = "10.22323/1.326.0044",
      eprint         = "1809.03789",
      archivePrefix  = "arXiv",
      primaryClass   = "hep-ph",
      SLACcitation   = "%%CITATION = ARXIV:1809.03789;%%"
}

@article{Ciuchini:2019usw,
      author         = "Ciuchini, Marco and Coutinho, Ant{\'o}nio M. and Fedele,
                        Marco and Franco, Enrico and Paul, Ayan and Silvestrini,
                        Luca and Valli, Mauro",
      title          = "{New Physics in $b \to s \ell^+ \ell^-$ confronts new
                        data on Lepton Universality}",
      journal        = "Eur. Phys. J.",
      volume         = "C79",
      year           = "2019",
      number         = "8",
      pages          = "719",
      doi            = "10.1140/epjc/s10052-019-7210-9",
      eprint         = "1903.09632",
      archivePrefix  = "arXiv",
      primaryClass   = "hep-ph",
      reportNumber   = "CERN-TH-2019-033, DESY-19-043, DESY 19-043,
                        UCI-TR-2019-07, UCI-TR-2019-0",
      SLACcitation   = "%%CITATION = ARXIV:1903.09632;%%"
}

@article{Hiller:2014yaa,
      author         = "Hiller, Gudrun and Schmaltz, Martin",
      title          = "{$R_K$ and future $b \to s \ell \ell$ physics beyond the
                        standard model opportunities}",
      journal        = "Phys. Rev.",
      volume         = "D90",
      year           = "2014",
      pages          = "054014",
      doi            = "10.1103/PhysRevD.90.054014",
      eprint         = "1408.1627",
      archivePrefix  = "arXiv",
      primaryClass   = "hep-ph",
      reportNumber   = "DO-TH-14-17",
      SLACcitation   = "%%CITATION = ARXIV:1408.1627;%%"
}

@article{Hiller:2014ula,
      author         = "Hiller, Gudrun and Schmaltz, Martin",
      title          = "{Diagnosing lepton-nonuniversality in $b \to s \ell
                        \ell$}",
      journal        = "JHEP",
      volume         = "02",
      year           = "2015",
      pages          = "055",
      doi            = "10.1007/JHEP02(2015)055",
      eprint         = "1411.4773",
      archivePrefix  = "arXiv",
      primaryClass   = "hep-ph",
      reportNumber   = "DO-TH-14-25, QFET-2014-21",
      SLACcitation   = "%%CITATION = ARXIV:1411.4773;%%"
}

@article{Capdevila:2016ivx,
    author = "Capdevila, Bernat and Descotes-Genon, Sebastien and Matias, Joaquim and Virto, Javier",
    title = "{Assessing lepton-flavour non-universality from $B\to K^*\ell\ell$ angular analyses}",
    eprint = "1605.03156",
    archivePrefix = "arXiv",
    primaryClass = "hep-ph",
    reportNumber = "LPT-ORSAY-16-40, QFET-2016-09, SI-HEP-2016-14",
    doi = "10.1007/JHEP10(2016)075",
    journal = "JHEP",
    volume = "10",
    pages = "075",
    year = "2016"
}

@article{Geng:2017svp,
    author = "Geng, Li-Sheng and Grinstein, Benjamín and Jäger, Sebastian and Martin Camalich, Jorge and Ren, Xiu-Lei and Shi, Rui-Xiang",
    title = "{Towards the discovery of new physics with lepton-universality ratios of $b\to s\ell\ell$ decays}",
    eprint = "1704.05446",
    archivePrefix = "arXiv",
    primaryClass = "hep-ph",
    reportNumber = "CERN-TH-2017-085",
    doi = "10.1103/PhysRevD.96.093006",
    journal = "Phys. Rev. D",
    volume = "96",
    number = "9",
    pages = "093006",
    year = "2017"
}

@article{Capdevila:2017bsm,
    author = "Capdevila, Bernat and Crivellin, Andreas and Descotes-Genon, Sébastien and Matias, Joaquim and Virto, Javier",
    title = "{Patterns of New Physics in $b\to s\ell^+\ell^-$ transitions in the light of recent data}",
    eprint = "1704.05340",
    archivePrefix = "arXiv",
    primaryClass = "hep-ph",
    reportNumber = "PSI-PR-17-05, LPT-ORSAY-17-19",
    doi = "10.1007/JHEP01(2018)093",
    journal = "JHEP",
    volume = "01",
    pages = "093",
    year = "2018"
}

@article{Hiller:2017bzc,
    author = "Hiller, Gudrun and Nisandzic, Ivan",
    title = "{$R_K$ and $R_{K^{\ast}}$ beyond the standard model}",
    eprint = "1704.05444",
    archivePrefix = "arXiv",
    primaryClass = "hep-ph",
    reportNumber = "DO-TH-17-04",
    doi = "10.1103/PhysRevD.96.035003",
    journal = "Phys. Rev. D",
    volume = "96",
    number = "3",
    pages = "035003",
    year = "2017"
}

@article{Serra:2016ivr,
    author = "Serra, Nicola and Silva Coutinho, Rafael and van Dyk, Danny",
    title = "{Measuring the breaking of lepton flavor universality in $B\to K^*\ell^+\ell^-$}",
    eprint = "1610.08761",
    archivePrefix = "arXiv",
    primaryClass = "hep-ph",
    reportNumber = "EOS-2016-03, ZU-TH-12-16",
    doi = "10.1103/PhysRevD.95.035029",
    journal = "Phys. Rev. D",
    volume = "95",
    number = "3",
    pages = "035029",
    year = "2017"
}

@article{Alok:2019ufo,
    author = "Alok, Ashutosh Kumar and Dighe, Amol and Gangal, Shireen and Kumar, Dinesh",
    title = "{Continuing search for new physics in $b \to s \mu \mu$ decays: two operators at a time}",
    eprint = "1903.09617",
    archivePrefix = "arXiv",
    primaryClass = "hep-ph",
    reportNumber = "TIFR/TH/19-6",
    doi = "10.1007/JHEP06(2019)089",
    journal = "JHEP",
    volume = "06",
    pages = "089",
    year = "2019"
}

@article{Kowalska:2019ley,
    author = "Kowalska, Kamila and Kumar, Dinesh and Sessolo, Enrico Maria",
    title = "{Implications for new physics in $b\rightarrow s \mu \mu $ transitions after recent measurements by Belle and LHCb}",
    eprint = "1903.10932",
    archivePrefix = "arXiv",
    primaryClass = "hep-ph",
    doi = "10.1140/epjc/s10052-019-7330-2",
    journal = "Eur. Phys. J. C",
    volume = "79",
    number = "10",
    pages = "840",
    year = "2019"
}

@article{Alguero:2019ptt,
    author = "Algueró, Marcel and Capdevila, Bernat and Crivellin, Andreas and Descotes-Genon, Sébastien and Masjuan, Pere and Matias, Joaquim and Novoa, Martín and Virto, Javier",
    title = "{Emerging patterns of New Physics with and without Lepton Flavour Universal contributions}",
    eprint = "1903.09578",
    archivePrefix = "arXiv",
    primaryClass = "hep-ph",
    reportNumber = "PSI-PR-19-04, ZH-TH-14/19, TUM-HEP-1192/19, MIT-CTP/5107,
  LPT-Orsay-19-11",
    doi = "10.1140/epjc/s10052-019-7216-3",
    journal = "Eur. Phys. J. C",
    volume = "79",
    number = "8",
    pages = "714",
    year = "2019"
}

@article{Arbey:2018ics,
    author = "Arbey, A. and Hurth, T. and Mahmoudi, F. and Neshatpour, S.",
    title = "{Hadronic and New Physics Contributions to $b \to s$ Transitions}",
    eprint = "1806.02791",
    archivePrefix = "arXiv",
    primaryClass = "hep-ph",
    reportNumber = "CERN-TH-2018-134, IPM/P.A-507, MITP/18-046, IPM-P.A-507, MITP-18-046",
    doi = "10.1103/PhysRevD.98.095027",
    journal = "Phys. Rev. D",
    volume = "98",
    number = "9",
    pages = "095027",
    year = "2018"
}

@article{Chrzaszcz:2018yza,
    author = "Chrzaszcz, Marcin and Mauri, Andrea and Serra, Nicola and Silva Coutinho, Rafael and van Dyk, Danny",
    title = "{Prospects for disentangling long- and short-distance effects in the decays $B\to K^* \mu^+\mu^-$}",
    eprint = "1805.06378",
    archivePrefix = "arXiv",
    primaryClass = "hep-ph",
    reportNumber = "TUM-HEP-1108-17, ZU-TH-25-17, TUM-HEP-1108/17, ZU-TH 25/17",
    doi = "10.1007/JHEP10(2019)236",
    journal = "JHEP",
    volume = "10",
    pages = "236",
    year = "2019"
}

@article{Arbey:2019duh,
    author = "Arbey, A. and Hurth, T. and Mahmoudi, F. and Santos, D. Martínez and Neshatpour, S.",
    title = "{Update on the b$\rightarrow$s anomalies}",
    eprint = "1904.08399",
    archivePrefix = "arXiv",
    primaryClass = "hep-ph",
    reportNumber = "CERN-TH-2019-048, IPM/P.A-544, MITP/19-026",
    doi = "10.1103/PhysRevD.100.015045",
    journal = "Phys. Rev. D",
    volume = "100",
    number = "1",
    pages = "015045",
    year = "2019"
}

@article{Glashow:2014iga,
      author         = "Glashow, Sheldon L. and Guadagnoli, Diego and Lane,
                        Kenneth",
      title          = "{Lepton Flavor Violation in $B$ Decays?}",
      journal        = "Phys. Rev. Lett.",
      volume         = "114",
      year           = "2015",
      pages          = "091801",
      doi            = "10.1103/PhysRevLett.114.091801",
      eprint         = "1411.0565",
      archivePrefix  = "arXiv",
      primaryClass   = "hep-ph",
      reportNumber   = "LAPTH-227-14, CERN-PH-TH-2014-229",
      SLACcitation   = "%%CITATION = ARXIV:1411.0565;%%"
}

@article{Kumar:2018kmr,
      author         = "Kumar, Jacky and London, David and Watanabe, Ryoutaro",
      title          = "{Combined Explanations of the $b \to s \mu^+ \mu^-$ and
                        $b \to c \tau^- {\bar\nu}$ Anomalies: a General Model
                        Analysis}",
      journal        = "Phys. Rev.",
      volume         = "D99",
      year           = "2019",
      number         = "1",
      pages          = "015007",
      doi            = "10.1103/PhysRevD.99.015007",
      eprint         = "1806.07403",
      archivePrefix  = "arXiv",
      primaryClass   = "hep-ph",
      reportNumber   = "UdeM-GPP-TH-18-264, UDEM-GPP-TH-18-264",
      SLACcitation   = "%%CITATION = ARXIV:1806.07403;%%"
}

@article{Aebischer:2019mlg,
      author         = "Aebischer, Jason and Altmannshofer, Wolfgang and
                        Guadagnoli, Diego and Reboud, Méril and Stangl, Peter and
                        Straub, David M.",
      title          = "{B-decay discrepancies after Moriond 2019}",
      journal        = "Eur. Phys. J.",
      volume         = "C80",
      year           = "2020",
      number         = "3",
      pages          = "252",
      doi            = "10.1140/epjc/s10052-020-7817-x",
      eprint         = "1903.10434",
      archivePrefix  = "arXiv",
      primaryClass   = "hep-ph",
      SLACcitation   = "%%CITATION = ARXIV:1903.10434;%%"
}

@article{Bhattacharya:2014wla,
    author = "Bhattacharya, Bhubanjyoti and Datta, Alakabha and London, David and Shivashankara, Shanmuka",
    title = "{Simultaneous Explanation of the $R_K$ and $R(D^{(*)})$ Puzzles}",
    eprint = "1412.7164",
    archivePrefix = "arXiv",
    primaryClass = "hep-ph",
    reportNumber = "UDEM-GPP-TH-14-239, UMISS-HEP-2014-03",
    doi = "10.1016/j.physletb.2015.02.011",
    journal = "Phys. Lett. B",
    volume = "742",
    pages = "370--374",
    year = "2015"
}

@article{Datta:2019zca,
    author = "Datta, Alakabha and Kumar, Jacky and London, David",
    title = "{The $B$ anomalies and new physics in $b \to s e^+ e^-$}",
    eprint = "1903.10086",
    archivePrefix = "arXiv",
    primaryClass = "hep-ph",
    reportNumber = "UdeM-GPP-TH-19-270",
    doi = "10.1016/j.physletb.2019.134858",
    journal = "Phys. Lett. B",
    volume = "797",
    pages = "134858",
    year = "2019"
}

@article{Feruglio:2016gvd,
      author         = "Feruglio, Ferruccio and Paradisi, Paride and Pattori,
                        Andrea",
      title          = "{Revisiting Lepton Flavor Universality in B Decays}",
      journal        = "Phys. Rev. Lett.",
      volume         = "118",
      year           = "2017",
      number         = "1",
      pages          = "011801",
      doi            = "10.1103/PhysRevLett.118.011801",
      eprint         = "1606.00524",
      archivePrefix  = "arXiv",
      primaryClass   = "hep-ph",
      SLACcitation   = "%%CITATION = ARXIV:1606.00524;%%"
}

@article{Calibbi:2015kma,
    author = "Calibbi, Lorenzo and Crivellin, Andreas and Ota, Toshihiko",
    title = "{Effective Field Theory Approach to $b\to s\ell\ell^{(')}$, $B\to  K^{(*)}\nu\overline{\nu}$ and $B\to D^{(*)}\tau\nu$ with Third  Generation Couplings}",
    eprint = "1506.02661",
    archivePrefix = "arXiv",
    primaryClass = "hep-ph",
    reportNumber = "CERN-PH-TH-2015-134, STUPP-15-222",
    doi = "10.1103/PhysRevLett.115.181801",
    journal = "Phys. Rev. Lett.",
    volume = "115",
    pages = "181801",
    year = "2015"
} 
@article{Buttazzo:2017ixm,
      author         = "Buttazzo, Dario and Greljo, Admir and Isidori, Gino and
                        Marzocca, David",
      title          = "{B-physics anomalies: a guide to combined explanations}",
      journal        = "JHEP",
      volume         = "11",
      year           = "2017",
      pages          = "044",
      doi            = "10.1007/JHEP11(2017)044",
      eprint         = "1706.07808",
      archivePrefix  = "arXiv",
      primaryClass   = "hep-ph",
      reportNumber   = "ZU-TH-18-17",
      SLACcitation   = "%%CITATION = ARXIV:1706.07808;%%"
}

@article{Cornella:2019hct,
    author = "Cornella, Claudia and Fuentes-Martin, Javier and Isidori, Gino",
    title = "{Revisiting the vector leptoquark explanation of the B-physics anomalies}",
    eprint = "1903.11517",
    archivePrefix = "arXiv",
    primaryClass = "hep-ph",
    reportNumber = "ZU-TH-15-19",
    doi = "10.1007/JHEP07(2019)168",
    journal = "JHEP",
    volume = "07",
    pages = "168",
    year = "2019"
}

@article{Celis:2017doq,
    author = "Celis, Alejandro and Fuentes-Martin, Javier and Vicente, Avelino and Virto, Javier",
    archivePrefix = "arXiv",
    doi = "10.1103/PhysRevD.96.035026",
    eprint = "1704.05672",
    journal = "Phys. Rev. D",
    number = "3",
    pages = "035026",
    primaryClass = "hep-ph",
    reportNumber = "LMU-ASC-25-17, IFIC-17-20",
    title = "{Gauge-invariant implications of the LHCb measurements on lepton-flavor nonuniversality}",
    volume = "96",
    year = "2017"
}

@article{Camargo-Molina:2018cwu,
      author         = "Camargo-Molina, Jos{\'e} Eliel and Celis, Alejandro and
                        Faroughy, Darius A.",
      title          = "{Anomalies in Bottom from new physics in Top}",
      journal        = "Phys. Lett.",
      volume         = "B784",
      year           = "2018",
      pages          = "284-293",
      doi            = "10.1016/j.physletb.2018.07.051",
      eprint         = "1805.04917",
      archivePrefix  = "arXiv",
      primaryClass   = "hep-ph",
      reportNumber   = "Imperial-TP-2018-JECM-01, LMU-ASC 18/18,
                        IMPERIAL-TP-2018-JECM-01, LMU-ASC-18-18",
      SLACcitation   = "%%CITATION = ARXIV:1805.04917;%%"
}

@article{DAmico:2017mtc,
      author         = "D'Amico, Guido and Nardecchia, Marco and Panci, Paolo and
                        Sannino, Francesco and Strumia, Alessandro and Torre,
                        Riccardo and Urbano, Alfredo",
      title          = "{Flavour anomalies after the $R_{K^*}$ measurement}",
      journal        = "JHEP",
      volume         = "09",
      year           = "2017",
      pages          = "010",
      doi            = "10.1007/JHEP09(2017)010",
      eprint         = "1704.05438",
      archivePrefix  = "arXiv",
      primaryClass   = "hep-ph",
      reportNumber   = "CP3-ORIGINS-2017-014, CERN-TH-2017-086, IFUP-TH/2017,
                        CP3-Origins-2017-014",
      SLACcitation   = "%%CITATION = ARXIV:1704.05438;%%"
}

@article{Bhattacharya:2019dot,
    author = "Bhattacharya, Srimoy and Biswas, Aritra and Nandi, Soumitra and Patra, Sunando Kumar",
    title = "{Exhaustive model selection in $b \to s \ell \ell$ decays: Pitting cross-validation against the Akaike information criterion}",
    eprint = "1908.04835",
    archivePrefix = "arXiv",
    primaryClass = "hep-ph",
    doi = "10.1103/PhysRevD.101.055025",
    journal = "Phys. Rev. D",
    volume = "101",
    number = "5",
    pages = "055025",
    year = "2020"
}

@article{Coy:2019rfr,
    author = "Coy, Rupert and Frigerio, Michele and Mescia, Federico and Sumensari, Olcyr",
    title = "{New physics in $b\to s\ell\ell$ transitions at one loop}",
    eprint = "1909.08567",
    archivePrefix = "arXiv",
    primaryClass = "hep-ph",
    doi = "10.1140/epjc/s10052-019-7581-y",
    journal = "Eur. Phys. J. C",
    volume = "80",
    number = "1",
    pages = "52",
    year = "2020"
}

@article{Schael:2013ita,
      author         = "Schael, S. and others",
      title          = "{Electroweak Measurements in Electron-Positron Collisions
                        at W-Boson-Pair Energies at LEP}",
      collaboration  = "ALEPH, DELPHI, L3, OPAL, LEP Electroweak",
      journal        = "Phys. Rept.",
      volume         = "532",
      year           = "2013",
      pages          = "119-244",
      doi            = "10.1016/j.physrep.2013.07.004",
      eprint         = "1302.3415",
      archivePrefix  = "arXiv",
      primaryClass   = "hep-ex",
      reportNumber   = "CERN-PH-EP-2013-022",
      SLACcitation   = "%%CITATION = ARXIV:1302.3415;%%"
}

@article{Abe:2000uc,
      author         = "Abe, Koya and others",
      title          = "{First direct measurement of the parity violating
                        coupling of the Z0 to the s quark}",
      collaboration  = "SLD",
      journal        = "Phys. Rev. Lett.",
      volume         = "85",
      year           = "2000",
      pages          = "5059-5063",
      doi            = "10.1103/PhysRevLett.85.5059",
      eprint         = "hep-ex/0006019",
      archivePrefix  = "arXiv",
      primaryClass   = "hep-ex",
      reportNumber   = "SLAC-PUB-8408",
      SLACcitation   = "%%CITATION = HEP-EX/0006019;%%"
}

@article{Falkowski:2013dza,
    author = "Falkowski, Adam and Riva, Francesco and Urbano, Alfredo",
    archivePrefix = "arXiv",
    doi = "10.1007/JHEP11(2013)111",
    eprint = "1303.1812",
    journal = "JHEP",
    pages = "111",
    primaryClass = "hep-ph",
    title = "{Higgs at last}",
    volume = "11",
    year = "2013"
}

@article{Efrati:2015eaa,
      author         = "Efrati, Aielet and Falkowski, Adam and Soreq, Yotam",
      title          = "{Electroweak constraints on flavorful effective
                        theories}",
      journal        = "JHEP",
      volume         = "07",
      year           = "2015",
      pages          = "018",
      doi            = "10.1007/JHEP07(2015)018",
      eprint         = "1503.07872",
      archivePrefix  = "arXiv",
      primaryClass   = "hep-ph",
      reportNumber   = "LPT-ORSAY-15-23",
      SLACcitation   = "%%CITATION = ARXIV:1503.07872;%%"
}

@article{Falkowski:2014tna,
      author         = "Falkowski, Adam and Riva, Francesco",
      title          = "{Model-independent precision constraints on dimension-6
                        operators}",
      journal        = "JHEP",
      volume         = "02",
      year           = "2015",
      pages          = "039",
      doi            = "10.1007/JHEP02(2015)039",
      eprint         = "1411.0669",
      archivePrefix  = "arXiv",
      primaryClass   = "hep-ph",
      reportNumber   = "LPT-ORSAY-14-77",
      SLACcitation   = "%%CITATION = ARXIV:1411.0669;%%"
}

@article{deBlas:2016ojx,
      author         = "de Blas, Jorge and Ciuchini, Marco and Franco, Enrico and
                        Mishima, Satoshi and Pierini, Maurizio and Reina, Laura
                        and Silvestrini, Luca",
      title          = "{Electroweak precision observables and Higgs-boson signal
                        strengths in the Standard Model and beyond: present and
                        future}",
      journal        = "JHEP",
      volume         = "12",
      year           = "2016",
      pages          = "135",
      doi            = "10.1007/JHEP12(2016)135",
      eprint         = "1608.01509",
      archivePrefix  = "arXiv",
      primaryClass   = "hep-ph",
      reportNumber   = "KEK-TH-1919",
      SLACcitation   = "%%CITATION = ARXIV:1608.01509;%%"
}

@article{Haller:2018nnx,
    author = "Haller, Johannes and Hoecker, Andreas and Kogler, Roman and Mönig, Klaus and Peiffer, Thomas and Stelzer, Jörg",
    archivePrefix = "arXiv",
    doi = "10.1140/epjc/s10052-018-6131-3",
    eprint = "1803.01853",
    journal = "Eur. Phys. J. C",
    number = "8",
    pages = "675",
    primaryClass = "hep-ph",
    title = "{Update of the global electroweak fit and constraints on two-Higgs-doublet models}",
    volume = "78",
    year = "2018"
}

@article{Ellis:2018gqa,
      author         = "Ellis, John and Murphy, Christopher W. and Sanz,
                        Verónica and You, Tevong",
      title          = "{Updated Global SMEFT Fit to Higgs, Diboson and
                        Electroweak Data}",
      journal        = "JHEP",
      volume         = "06",
      year           = "2018",
      pages          = "146",
      doi            = "10.1007/JHEP06(2018)146",
      eprint         = "1803.03252",
      archivePrefix  = "arXiv",
      primaryClass   = "hep-ph",
      reportNumber   = "Cavendish-HEP-2018-06, DAMTP-2018-12, KCL-PH-TH/2018-12,
                        CERN-PH-TH/2018-042, CERN-TH-2018-042",
      SLACcitation   = "%%CITATION = ARXIV:1803.03252;%%"
}

@article{Erler:2019hds,
      author         = "Erler, Jens and Schott, Matthias",
      title          = "{Electroweak Precision Tests of the Standard Model after
                        the Discovery of the Higgs Boson}",
      journal        = "Prog. Part. Nucl. Phys.",
      volume         = "106",
      year           = "2019",
      pages          = "68-119",
      doi            = "10.1016/j.ppnp.2019.02.007",
      eprint         = "1902.05142",
      archivePrefix  = "arXiv",
      primaryClass   = "hep-ph",
      reportNumber   = "MITP/19-006",
      SLACcitation   = "%%CITATION = ARXIV:1902.05142;%%"
}


@article{deBlas:2016nqo,
      author         = "de Blas, Jorge and Ciuchini, Marco and Franco, Enrico and
                        Mishima, Satoshi and Pierini, Maurizio and Reina, Laura
                        and Silvestrini, Luca",
      title          = "{Electroweak precision constraints at present and future
                        colliders}",
      booktitle      = "{Proceedings, 38th International Conference on High
                        Energy Physics (ICHEP 2016): Chicago, IL, USA, August
                        3-10, 2016}",
      journal        = "PoS",
      volume         = "ICHEP2016",
      year           = "2017",
      pages          = "690",
      doi            = "10.22323/1.282.0690",
      eprint         = "1611.05354",
      archivePrefix  = "arXiv",
      primaryClass   = "hep-ph",
      SLACcitation   = "%%CITATION = ARXIV:1611.05354;%%"
}

@article{deBlas:2017wmn,
      author         = "de Blas, Jorge and Ciuchini, Marco and Franco, Enrico and
                        Mishima, Satoshi and Pierini, Maurizio and Reina, Laura
                        and Silvestrini, Luca",
      title          = "{The Global Electroweak and Higgs Fits in the LHC era}",
      booktitle      = "{Proceedings, 2017 European Physical Society Conference
                        on High Energy Physics (EPS-HEP 2017): Venice, Italy, July
                        5-12, 2017}",
      journal        = "PoS",
      volume         = "EPS-HEP2017",
      year           = "2017",
      pages          = "467",
      doi            = "10.22323/1.314.0467",
      eprint         = "1710.05402",
      archivePrefix  = "arXiv",
      primaryClass   = "hep-ph",
      SLACcitation   = "%%CITATION = ARXIV:1710.05402;%%"
}

@article{Berthier:2015oma,
      author         = "Berthier, Laure and Trott, Michael",
      title          = "{Towards consistent Electroweak Precision Data
                        constraints in the SMEFT}",
      journal        = "JHEP",
      volume         = "05",
      year           = "2015",
      pages          = "024",
      doi            = "10.1007/JHEP05(2015)024",
      eprint         = "1502.02570",
      archivePrefix  = "arXiv",
      primaryClass   = "hep-ph",
      SLACcitation   = "%%CITATION = ARXIV:1502.02570;%%"
}

@article{Aaij:2019wad,
      author         = "Aaij, Roel and others",
      title          = "{Search for lepton-universality violation in $B^+\to
                        K^+\ell^+\ell^-$ decays}",
      collaboration  = "LHCb",
      journal        = "Phys. Rev. Lett.",
      volume         = "122",
      year           = "2019",
      number         = "19",
      pages          = "191801",
      doi            = "10.1103/PhysRevLett.122.191801",
      eprint         = "1903.09252",
      archivePrefix  = "arXiv",
      primaryClass   = "hep-ex",
      reportNumber   = "LHCb-PAPER-2019-009, CERN-EP-2019-043,
                        LHCb-PAPER-2019-009 CERN-EP-2019-043",
      SLACcitation   = "%%CITATION = ARXIV:1903.09252;%%"
}

@article{Kou:2018nap,
    author = "Altmannshofer, W. and others",
    editor = "Kou, E. and Urquijo, P.",
    collaboration = "Belle-II",
    title = "{The Belle II Physics Book}",
    eprint = "1808.10567",
    archivePrefix = "arXiv",
    primaryClass = "hep-ex",
    reportNumber = "KEK Preprint 2018-27, BELLE2-PUB-PH-2018-001, FERMILAB-PUB-18-398-T, JLAB-THY-18-2780, INT-PUB-18-047, UWThPh 2018-26",
    doi = "10.1093/ptep/ptz106",
    journal = "PTEP",
    volume = "2019",
    number = "12",
    pages = "123C01",
    year = "2019",
    note = "[Erratum: PTEP 2020, 029201 (2020)]"
}

@article{Abdesselam:2019wac,
      author         = "Abdesselam, A. and others",
      title          = "{Test of lepton flavor universality in ${B\to
                        K^\ast\ell^+\ell^-}$ decays at Belle}",
      collaboration  = "Belle",
      year           = "2019",
      eprint         = "1904.02440",
      archivePrefix  = "arXiv",
      primaryClass   = "hep-ex",
      reportNumber   = "BELLE-CONF-1901",
      SLACcitation   = "%%CITATION = ARXIV:1904.02440;%%"
}

@article{Ciuchini:2013pca,
      author         = "Ciuchini, Marco and Franco, Enrico and Mishima, Satoshi
                        and Silvestrini, Luca",
      title          = "{Electroweak Precision Observables, New Physics and the
                        Nature of a 126 GeV Higgs Boson}",
      journal        = "JHEP",
      volume         = "08",
      year           = "2013",
      pages          = "106",
      doi            = "10.1007/JHEP08(2013)106",
      eprint         = "1306.4644",
      archivePrefix  = "arXiv",
      primaryClass   = "hep-ph",
      SLACcitation   = "%%CITATION = ARXIV:1306.4644;%%"
}

@article{Kamenik:2017tnu,
      author         = "Kamenik, Jernej F. and Soreq, Yotam and Zupan, Jure",
      title          = "{Lepton flavor universality violation without new sources
                        of quark flavor violation}",
      journal        = "Phys. Rev.",
      volume         = "D97",
      year           = "2018",
      number         = "3",
      pages          = "035002",
      doi            = "10.1103/PhysRevD.97.035002",
      eprint         = "1704.06005",
      archivePrefix  = "arXiv",
      primaryClass   = "hep-ph",
      reportNumber   = "CERN-TH-2017-089, MIT-CTP-4904",
      SLACcitation   = "%%CITATION = ARXIV:1704.06005;%%"
}

@article{Fox:2018ldq,
    author = "Fox, Patrick J. and Low, Ian and Zhang, Yue",
    title = "{Top-philic $Z'$ forces at the LHC}",
    eprint = "1801.03505",
    archivePrefix = "arXiv",
    primaryClass = "hep-ph",
    reportNumber = "FERMILAB-PUB-18-005-T, NUHEP-TH-18-01, CERN-TH-2018-010",
    doi = "10.1007/JHEP03(2018)074",
    journal = "JHEP",
    volume = "03",
    pages = "074",
    year = "2018"
}

@article{deBlas:2015aea,
      author         = "de Blas, Jorge and Chala, Mikael and Santiago, Jose",
      title          = "{Renormalization Group Constraints on New Top
                        Interactions from Electroweak Precision Data}",
      journal        = "JHEP",
      volume         = "09",
      year           = "2015",
      pages          = "189",
      doi            = "10.1007/JHEP09(2015)189",
      eprint         = "1507.00757",
      archivePrefix  = "arXiv",
      primaryClass   = "hep-ph",
      reportNumber   = "DESY-15-110",
      SLACcitation   = "%%CITATION = ARXIV:1507.00757;%%"
}

@article{Jenkins:2013zja,
	Archiveprefix = {arXiv},
	Author = {Jenkins, Elizabeth E. and Manohar, Aneesh V. and Trott, Michael},
	Date-Added = {2016-01-12 22:51:26 +0000},
	Date-Modified = {2016-01-12 22:51:26 +0000},
	Doi = {10.1007/JHEP10(2013)087},
	Eprint = {1308.2627},
	Journal = {JHEP},
	Pages = {087},
	Primaryclass = {hep-ph},
	Slaccitation = {%%CITATION = ARXIV:1308.2627;%%},
	Title = {{Renormalization Group Evolution of the Standard Model Dimension Six Operators I: Formalism and lambda Dependence}},
	Volume = {10},
	Year = {2013},
	Bdsk-Url-1 = {http://dx.doi.org/10.1007/JHEP10(2013)087}}

@article{Jenkins:2013wua,
	Archiveprefix = {arXiv},
	Author = {Jenkins, Elizabeth E. and Manohar, Aneesh V. and Trott, Michael},
	Date-Added = {2016-01-12 22:51:24 +0000},
	Date-Modified = {2016-01-12 22:51:24 +0000},
	Doi = {10.1007/JHEP01(2014)035},
	Eprint = {1310.4838},
	Journal = {JHEP},
	Pages = {035},
	Primaryclass = {hep-ph},
	Reportnumber = {CERN-PH-TH-2015-247},
	Slaccitation = {%%CITATION = ARXIV:1310.4838;%%},
	Title = {{Renormalization Group Evolution of the Standard Model Dimension Six Operators II: Yukawa Dependence}},
	Volume = {01},
	Year = {2014},
	Bdsk-Url-1 = {http://dx.doi.org/10.1007/JHEP01(2014)035}}
	
	
@article{Aaij:2020nrf,
      author         = "Aaij, Roel and others",
      title          = "{Measurement of $C\!P$-averaged observables in the
                        $B^{0}\rightarrow K^{*0}\mu^{+}\mu^{-}$ decay}",
      collaboration  = "LHCb",
      year           = "2020",
      eprint         = "2003.04831",
      archivePrefix  = "arXiv",
      primaryClass   = "hep-ex",
      reportNumber   = "LHCb-PAPER-2020-002, CERN-EP-2020-027",
      SLACcitation   = "%%CITATION = ARXIV:2003.04831;%%"
}

@article{Khodjamirian:2010vf,
      author         = "Khodjamirian, A. and Mannel, Th. and Pivovarov, A. A. and
                        Wang, Y. -M.",
      title          = "{Charm-loop effect in $B \to K^{(*)} \ell^{+} \ell^{-}$
                        and $B\to K^*\gamma$}",
      journal        = "JHEP",
      volume         = "09",
      year           = "2010",
      pages          = "089",
      doi            = "10.1007/JHEP09(2010)089",
      eprint         = "1006.4945",
      archivePrefix  = "arXiv",
      primaryClass   = "hep-ph",
      reportNumber   = "SI-HEP-2010-08",
      SLACcitation   = "%%CITATION = ARXIV:1006.4945;%%"
}

@article{Lyon:2014hpa,
    author = "Lyon, James and Zwicky, Roman",
    title = "{Resonances gone topsy turvy - the charm of QCD or new physics in $b \to s \ell^+ \ell^-$?}",
    eprint = "1406.0566",
    archivePrefix = "arXiv",
    primaryClass = "hep-ph",
    reportNumber = "EDINBURGH-14-10, CP3-ORIGINS-2014-021, DIAS-2014-21",
    month = "6",
    year = "2014"
}

@article{Capdevila:2017ert,
    author = "Capdevila, Bernat and Descotes-Genon, Sebastien and Hofer, Lars and Matias, Joaquim",
    title = "{Hadronic uncertainties in $B \to K^* \mu^+ \mu^-$: a state-of-the-art analysis}",
    eprint = "1701.08672",
    archivePrefix = "arXiv",
    primaryClass = "hep-ph",
    reportNumber = "ICCUB-17-003, UAB-FT-990, LPT-ORSAY-16-89",
    doi = "10.1007/JHEP04(2017)016",
    journal = "JHEP",
    volume = "04",
    pages = "016",
    year = "2017"
}

@article{Alguero:2019pjc,
      author         = "Algueró, Marcel and Capdevila, Bernat and
                        Descotes-Genon, Sébastien and Masjuan, Pere and Matias,
                        Joaquim",
      title          = "{What $R_K$ and $Q_5$ can tell us about New Physics in
                        $b\to s\ell\ell$ transitions?}",
      journal        = "JHEP",
      volume         = "07",
      year           = "2019",
      pages          = "096",
      doi            = "10.1007/JHEP07(2019)096",
      eprint         = "1902.04900",
      archivePrefix  = "arXiv",
      primaryClass   = "hep-ph",
      reportNumber   = "LPT-Orsay-19-04",
      SLACcitation   = "%%CITATION = ARXIV:1902.04900;%%"
}

@article{Blake:2017fyh,
    author = "Blake, Thomas and Egede, Ulrik and Owen, Patrick and Petridis, Konstantinos Alexandros and Pomery, Gabriela",
    title = "{An empirical model to determine the hadronic resonance contributions to  $\overline{B}{} ^0 \!\rightarrow \overline{K}{} ^{*0} \mu ^+ \mu ^- $  transitions}",
    eprint = "1709.03921",
    archivePrefix = "arXiv",
    primaryClass = "hep-ph",
    doi = "10.1140/epjc/s10052-018-5937-3",
    journal = "Eur. Phys. J. C",
    volume = "78",
    number = "6",
    pages = "453",
    year = "2018"
}

@article{Bobeth:2017vxj,
    author = "Bobeth, Christoph and Chrzaszcz, Marcin and van Dyk, Danny and Virto, Javier",
    title = "{Long-distance effects in $B\rightarrow K^*\ell \ell $ from analyticity}",
    eprint = "1707.07305",
    archivePrefix = "arXiv",
    primaryClass = "hep-ph",
    reportNumber = "EOS-2017-01, MIT-CTP-4918, TUM-HEP-1087-17, ZU-TH-17-17",
    doi = "10.1140/epjc/s10052-018-5918-6",
    journal = "Eur. Phys. J. C",
    volume = "78",
    number = "6",
    pages = "451",
    year = "2018"
}

@article{deBlas:2019wgy,
      author         = "de Blas, Jorge and Durieux, Gauthier and Grojean,
                        Christophe and Gu, Jiayin and Paul, Ayan",
      title          = "{On the future of Higgs, electroweak and diboson
                        measurements at lepton colliders}",
      journal        = "JHEP",
      volume         = "12",
      year           = "2019",
      pages          = "117",
      doi            = "10.1007/JHEP12(2019)117",
      eprint         = "1907.04311",
      archivePrefix  = "arXiv",
      primaryClass   = "hep-ph",
      reportNumber   = "DESY-19-077, DESY 19-077, MITP/19-028",
      SLACcitation   = "%%CITATION = ARXIV:1907.04311;%%"
}

@article{deBlas:2019rxi,
    author = "de Blas, J. and others",
    title = "{Higgs Boson Studies at Future Particle Colliders}",
    eprint = "1905.03764",
    archivePrefix = "arXiv",
    primaryClass = "hep-ph",
    reportNumber = "DESY-19-079",
    doi = "10.1007/JHEP01(2020)139",
    journal = "JHEP",
    volume = "01",
    pages = "139",
    year = "2020"
}

@article{Abada:2019lih,
    author = "Abada, A. and others",
    collaboration = "FCC",
    title = "{FCC Physics Opportunities}: {Future Circular Collider Conceptual Design Report Volume 1}",
    reportNumber = "CERN-ACC-2018-0056",
    doi = "10.1140/epjc/s10052-019-6904-3",
    journal = "Eur. Phys. J. C",
    volume = "79",
    number = "6",
    pages = "474",
    year = "2019"
}

@article{Abada:2019zxq,
    author = "Abada, A. and others",
    collaboration = "FCC",
    title = "{FCC-ee: The Lepton Collider}: {Future Circular Collider Conceptual Design Report Volume 2}",
    reportNumber = "CERN-ACC-2018-0057",
    doi = "10.1140/epjst/e2019-900045-4",
    journal = "Eur. Phys. J. ST",
    volume = "228",
    number = "2",
    pages = "261--623",
    year = "2019"
}

@article{CEPCStudyGroup:2018ghi,
    author = "Dong, Mingyi and others",
    editor = "Guimarães da Costa, João Barreiro and others",
    collaboration = "CEPC Study Group",
    title = "{CEPC Conceptual Design Report: Volume 2 - Physics \& Detector}",
    eprint = "1811.10545",
    archivePrefix = "arXiv",
    primaryClass = "hep-ex",
    reportNumber = "IHEP-CEPC-DR-2018-02, IHEP-EP-2018-01, IHEP-TH-2018-01",
    month = "11",
    year = "2018"
}

@article{Fujii:2019zll,
    author = "Fujii, Keisuke and others",
    collaboration = "LCC Physics Working Group",
    title = "{Tests of the Standard Model at the International Linear Collider}",
    eprint = "1908.11299",
    archivePrefix = "arXiv",
    primaryClass = "hep-ex",
    reportNumber = "DESY 19-146, KEK Preprint 2019-22, SLAC-PUB-17467, DESY-19-146",
    month = "8",
    year = "2019"
}

@article{Aaboud:2018krd,
      author         = "Aaboud, Morad and others",
      title          = "{Angular analysis of $B^0_d \rightarrow K^{*}\mu^+\mu^-$
                        decays in $pp$ collisions at $\sqrt{s}= 8$ TeV with the
                        ATLAS detector}",
      collaboration  = "ATLAS",
      journal        = "JHEP",
      volume         = "10",
      year           = "2018",
      pages          = "047",
      doi            = "10.1007/JHEP10(2018)047",
      eprint         = "1805.04000",
      archivePrefix  = "arXiv",
      primaryClass   = "hep-ex",
      reportNumber   = "CERN-EP-2017-161",
      SLACcitation   = "%%CITATION = ARXIV:1805.04000;%%"
}

@article{Wehle:2016yoi,
      author         = "Wehle, S. and others",
      title          = "{Lepton-Flavor-Dependent Angular Analysis of $B\to K^\ast
                        \ell^+\ell^-$}",
      collaboration  = "Belle",
      journal        = "Phys. Rev. Lett.",
      volume         = "118",
      year           = "2017",
      number         = "11",
      pages          = "111801",
      doi            = "10.1103/PhysRevLett.118.111801",
      eprint         = "1612.05014",
      archivePrefix  = "arXiv",
      primaryClass   = "hep-ex",
      reportNumber   = "BELLE-PREPRINT-2016-15, KEK-PREPRINT-2016-54",
      SLACcitation   = "%%CITATION = ARXIV:1612.05014;%%"
}

@article{Sirunyan:2017dhj,
      author         = "Sirunyan, Albert M and others",
      title          = "{Measurement of angular parameters from the decay
                        $\mathrm{B}^0 \to \mathrm{K}^{*0} \mu^+ \mu^-$ in
                        proton-proton collisions at $\sqrt{s} = $ 8 TeV}",
      collaboration  = "CMS",
      journal        = "Phys. Lett.",
      volume         = "B781",
      year           = "2018",
      pages          = "517-541",
      doi            = "10.1016/j.physletb.2018.04.030",
      eprint         = "1710.02846",
      archivePrefix  = "arXiv",
      primaryClass   = "hep-ex",
      reportNumber   = "CMS-BPH-15-008, CERN-EP-2017-240",
      SLACcitation   = "%%CITATION = ARXIV:1710.02846;%%"
}

@article{Descotes-Genon:2015uva,
      author         = "Descotes-Genon, Sébastien and Hofer, Lars and Matias,
                        Joaquim and Virto, Javier",
      title          = "{Global analysis of $b\to s\ell\ell$ anomalies}",
      journal        = "JHEP",
      volume         = "06",
      year           = "2016",
      pages          = "092",
      doi            = "10.1007/JHEP06(2016)092",
      eprint         = "1510.04239",
      archivePrefix  = "arXiv",
      primaryClass   = "hep-ph",
      reportNumber   = "LPT-ORSAY-15-68, QFET-2015-29, SI-HEP-2015-19",
      SLACcitation   = "%%CITATION = ARXIV:1510.04239;%%"
}


@article{Descotes-Genon:2013wba,
      author         = "Descotes-Genon, Sebastien and Matias, Joaquim and Virto,
                        Javier",
      title          = "{Understanding the $B\to K^*\mu^+\mu^-$ Anomaly}",
      journal        = "Phys. Rev.",
      volume         = "D88",
      year           = "2013",
      pages          = "074002",
      doi            = "10.1103/PhysRevD.88.074002",
      eprint         = "1307.5683",
      archivePrefix  = "arXiv",
      primaryClass   = "hep-ph",
      reportNumber   = "UAB-FT-737, LPT-ORSAY-13-58",
      SLACcitation   = "%%CITATION = ARXIV:1307.5683;%%"
}


@article{Khachatryan:2015isa,
      author         = "Khachatryan, Vardan and others",
      title          = "{Angular analysis of the decay $B^0 \to K^{*0} \mu^+
                        \mu^-$ from pp collisions at $\sqrt  s = 8$ TeV}",
      collaboration  = "CMS",
      journal        = "Phys. Lett.",
      volume         = "B753",
      year           = "2016",
      pages          = "424-448",
      doi            = "10.1016/j.physletb.2015.12.020",
      eprint         = "1507.08126",
      archivePrefix  = "arXiv",
      primaryClass   = "hep-ex",
      reportNumber   = "CMS-BPH-13-010, CERN-PH-EP-2015-178",
      SLACcitation   = "%%CITATION = ARXIV:1507.08126;%%"
}

@article{Aaij:2014ora,
    author = "Aaij, Roel and others",
    archivePrefix = "arXiv",
    collaboration = "LHCb",
    doi = "10.1103/PhysRevLett.113.151601",
    eprint = "1406.6482",
    journal = "Phys. Rev. Lett.",
    pages = "151601",
    primaryClass = "hep-ex",
    reportNumber = "CERN-PH-EP-2014-140, LHCB-PAPER-2014-024",
    title = "{Test of lepton universality using $B^{+}\rightarrow K^{+}\ell^{+}\ell^{-}$ decays}",
    volume = "113",
    year = "2014"
}

@article{Aaij:2015dea,
      author         = "Aaij, Roel and others",
      title          = "{Angular analysis of the $B^{0} \to K^{*0} e^{+} e^{-}$
                        decay in the low-q$^{2}$ region}",
      collaboration  = "LHCb",
      journal        = "JHEP",
      volume         = "04",
      year           = "2015",
      pages          = "064",
      doi            = "10.1007/JHEP04(2015)064",
      eprint         = "1501.03038",
      archivePrefix  = "arXiv",
      primaryClass   = "hep-ex",
      reportNumber   = "LHCB-PAPER-2014-066, CERN-PH-EP-2014-301",
      SLACcitation   = "%%CITATION = ARXIV:1501.03038;%%"
}

@article{Aaij:2015esa,
      author         = "Aaij, Roel and others",
      title          = "{Angular analysis and differential branching fraction of
                        the decay $B^0_s\to\phi\mu^+\mu^-$}",
      collaboration  = "LHCb",
      journal        = "JHEP",
      volume         = "09",
      year           = "2015",
      pages          = "179",
      doi            = "10.1007/JHEP09(2015)179",
      eprint         = "1506.08777",
      archivePrefix  = "arXiv",
      primaryClass   = "hep-ex",
      reportNumber   = "CERN-PH-EP-2015-145, LHCB-PAPER-2015-023",
      SLACcitation   = "%%CITATION = ARXIV:1506.08777;%%"
}

@article{Aaij:2016flj,
      author         = "Aaij, Roel and others",
      title          = "{Measurements of the S-wave fraction in $B^{0}\rightarrow
                        K^{+}\pi^{-}\mu^{+}\mu^{-}$ decays and the
                        $B^{0}\rightarrow K^{\ast}(892)^{0}\mu^{+}\mu^{-}$
                        differential branching fraction}",
      collaboration  = "LHCb",
      journal        = "JHEP",
      volume         = "11",
      year           = "2016",
      pages          = "047",
      doi            = "10.1007/JHEP11(2016)047, 10.1007/JHEP04(2017)142",
      note           = "[Erratum: JHEP04,142(2017)]",
      eprint         = "1606.04731",
      archivePrefix  = "arXiv",
      primaryClass   = "hep-ex",
      reportNumber   = "CERN-EP-2016-141, LHCB-PAPER-2016-012",
      SLACcitation   = "%%CITATION = ARXIV:1606.04731;%%"
}

@article{Bobeth:2013uxa,
    author = "Bobeth, Christoph and Gorbahn, Martin and Hermann, Thomas and Misiak, Mikolaj and Stamou, Emmanuel and Steinhauser, Matthias",
    title = "{$B_{s,d} \to l^+ l^-$ in the Standard Model with Reduced Theoretical Uncertainty}",
    eprint = "1311.0903",
    archivePrefix = "arXiv",
    primaryClass = "hep-ph",
    reportNumber = "FLAVOUR(267104)-ERC-53, LTH-990, SFB-CPP-13-82, TTP13-033",
    doi = "10.1103/PhysRevLett.112.101801",
    journal = "Phys. Rev. Lett.",
    volume = "112",
    pages = "101801",
    year = "2014"
}

@article{Aaij:2020nol,
    author = "Aaij, Roel and others",
    collaboration = "LHCb",
    title = "{Search for the rare decays $B^0_s\to e^+e^-$ and $B^0\to e^+e^-$}",
    eprint = "2003.03999",
    archivePrefix = "arXiv",
    primaryClass = "hep-ex",
    reportNumber = "LHCb-PAPER-2020-001, CERN-EP-2020-023",
    doi = "10.1103/PhysRevLett.124.211802",
    journal = "Phys. Rev. Lett.",
    volume = "124",
    number = "21",
    pages = "211802",
    year = "2020"
}

@article{Aaij:2012ita,
      author         = "Aaij, R and others",
      title          = "{Measurement of the ratio of branching fractions $BR(B_0
                        \to K^{\star 0} \gamma)/BR(B_{s0} \to \phi \gamma)$ and
                        the direct CP asymmetry in $B_0 \to K^{\star 0} \gamma$}",
      collaboration  = "LHCb",
      journal        = "Nucl. Phys.",
      volume         = "B867",
      year           = "2013",
      pages          = "1-18",
      doi            = "10.1016/j.nuclphysb.2012.09.013",
      eprint         = "1209.0313",
      archivePrefix  = "arXiv",
      primaryClass   = "hep-ex",
      reportNumber   = "LHCB-PAPER-2012-019, CERN-PH-EP-2012-247",
      SLACcitation   = "%%CITATION = ARXIV:1209.0313;%%"
}

@article{Aaij:2017vbb,
      author         = "Aaij, R. and others",
      title          = "{Test of lepton universality with $B^{0} \rightarrow
                        K^{*0}\ell^{+}\ell^{-}$ decays}",
      collaboration  = "LHCb",
      journal        = "JHEP",
      volume         = "08",
      year           = "2017",
      pages          = "055",
      doi            = "10.1007/JHEP08(2017)055",
      eprint         = "1705.05802",
      archivePrefix  = "arXiv",
      primaryClass   = "hep-ex",
      reportNumber   = "LHCB-PAPER-2017-013, CERN-EP-2017-100",
      SLACcitation   = "%%CITATION = ARXIV:1705.05802;%%"
}

@article{Amhis:2019ckw,
      author         = "Amhis, Yasmine Sara and others",
      title          = "{Averages of $b$-hadron, $c$-hadron, and $\tau$-lepton
                        properties as of 2018}",
      collaboration  = "HFLAV",
      year           = "2019",
      eprint         = "1909.12524",
      archivePrefix  = "arXiv",
      primaryClass   = "hep-ex",
      SLACcitation   = "%%CITATION = ARXIV:1909.12524;%%"
}
@article{Aaij:2014pli,
      author         = "Aaij, R. and others",
      title          = "{Differential branching fractions and isospin asymmetries
                        of $B \to K^{(*)} \mu^+ \mu^-$ decays}",
      collaboration  = "LHCb",
      journal        = "JHEP",
      volume         = "06",
      year           = "2014",
      pages          = "133",
      doi            = "10.1007/JHEP06(2014)133",
      eprint         = "1403.8044",
      archivePrefix  = "arXiv",
      primaryClass   = "hep-ex",
      reportNumber   = "LHCB-PAPER-2014-006, CERN-PH-EP-2014-055",
      SLACcitation   = "%%CITATION = ARXIV:1403.8044;%%"
}

@article{Aaij:2017vad,
      author         = "Aaij, Roel and others",
      title          = "{Measurement of the $B^0_s\to\mu^+\mu^-$ branching
                        fraction and effective lifetime and search for
                        $B^0\to\mu^+\mu^-$ decays}",
      collaboration  = "LHCb",
      journal        = "Phys. Rev. Lett.",
      volume         = "118",
      year           = "2017",
      number         = "19",
      pages          = "191801",
      doi            = "10.1103/PhysRevLett.118.191801",
      eprint         = "1703.05747",
      archivePrefix  = "arXiv",
      primaryClass   = "hep-ex",
      reportNumber   = "CERN-EP-2017-041, LHCB-PAPER-2017-001",
      SLACcitation   = "%%CITATION = ARXIV:1703.05747;%%"
}

@article{Chatrchyan:2013bka,
      author         = "Chatrchyan, Serguei and others",
      title          = "{Measurement of the $B^0_s \to \mu^+ \mu^-$ Branching
                        Fraction and Search for $B^0 \to \mu^+ \mu^-$ with the CMS
                        Experiment}",
      collaboration  = "CMS",
      journal        = "Phys. Rev. Lett.",
      volume         = "111",
      year           = "2013",
      pages          = "101804",
      doi            = "10.1103/PhysRevLett.111.101804",
      eprint         = "1307.5025",
      archivePrefix  = "arXiv",
      primaryClass   = "hep-ex",
      reportNumber   = "CMS-BPH-13-004, CERN-PH-EP-2013-129",
      SLACcitation   = "%%CITATION = ARXIV:1307.5025;%%"
}

@article{Aaboud:2018mst,
      author         = "Aaboud, Morad and others",
      title          = "{Study of the rare decays of $B^0_s$ and $B^0$ mesons
                        into muon pairs using data collected during 2015 and 2016
                        with the ATLAS detector}",
      collaboration  = "ATLAS",
      journal        = "JHEP",
      volume         = "04",
      year           = "2019",
      pages          = "098",
      doi            = "10.1007/JHEP04(2019)098",
      eprint         = "1812.03017",
      archivePrefix  = "arXiv",
      primaryClass   = "hep-ex",
      reportNumber   = "CERN-EP-2018-291",
      SLACcitation   = "%%CITATION = ARXIV:1812.03017;%%"
}

@article{ALEPH:2005ab,
      author         = "Schael, S. and others",
      title          = "{Precision electroweak measurements on the $Z$
                        resonance}",
      collaboration  = "ALEPH, DELPHI, L3, OPAL, SLD, LEP Electroweak Working
                        Group, SLD Electroweak Group, SLD Heavy Flavour Group",
      journal        = "Phys. Rept.",
      volume         = "427",
      year           = "2006",
      pages          = "257-454",
      doi            = "10.1016/j.physrep.2005.12.006",
      eprint         = "hep-ex/0509008",
      archivePrefix  = "arXiv",
      primaryClass   = "hep-ex",
      reportNumber   = "SLAC-R-774",
      SLACcitation   = "%%CITATION = HEP-EX/0509008;%%"
}

@article{deBlas:2019okz,
    author = "de Blas, J. and others",
    title = "{$\texttt{HEPfit}$: a Code for the Combination of Indirect and Direct Constraints on High Energy Physics Models}",
    eprint = "1910.14012",
    archivePrefix = "arXiv",
    primaryClass = "hep-ph",
    reportNumber = "CERN-TH-2019-178, CPHT-RR060.102019, DESY-19-184, FTUV/19-1031,
  IFIC/19-44, KEK-TH-2163, LPT-Orsay-19-36, PSI-PR-19-22, UCI-TR-2019-26",
    doi = "10.1140/epjc/s10052-020-7904-z",
    journal = "Eur. Phys. J. C",
    volume = "80",
    number = "5",
    pages = "456",
    year = "2020"
}

@misc{Schmitz09,
author = {Schmitz, Kai},
howpublished = {\url{https://bib-pubdb1.desy.de/record/88159/files/Kinetic_Mixing_in_Field_Theory.pdf}},
 year = "2009",
title = {Kinetic Mixing in Field Theory}
}
%%penguins
@article{Inami:1980fz,
    author = "Inami, T. and Lim, C.S.",
    title = "{Effects of Superheavy Quarks and Leptons in Low-Energy Weak Processes $K_L \to \mu \bar{mu}$, $K^+\to\pi^+\nu\bar{\nu}$ and $K^0 \leftrightarrow \bar{K}^0$}",
    reportNumber = "UT-KOMABA-80-8",
    doi = "10.1143/PTP.65.297",
    journal = "Prog. Theor. Phys.",
    volume = "65",
    pages = "297",
    year = "1981",
    note = "[Erratum: Prog.Theor.Phys. 65, 1772 (1981)]"
}

@article{Buchalla:1995vs,
    author = "Buchalla, Gerhard and Buras, Andrzej J. and Lautenbacher, Markus E.",
    title = "{Weak decays beyond leading logarithms}",
    eprint = "hep-ph/9512380",
    archivePrefix = "arXiv",
    reportNumber = "SLAC-PUB-7009, SLAC-PUB-95-7009, MPI-PH-95-104, TUM-T31-100-95, FERMILAB-PUB-95-305-T",
    doi = "10.1103/RevModPhys.68.1125",
    journal = "Rev. Mod. Phys.",
    volume = "68",
    pages = "1125--1144",
    year = "1996"
}

@inproceedings{Buras:1998raa,
    author = "Buras, Andrzej J.",
    title = "{Weak Hamiltonian, CP violation and rare decays}",
    booktitle = "{Les Houches Summer School in Theoretical Physics, Session 68: Probing the Standard Model of Particle Interactions}",
    eprint = "hep-ph/9806471",
    archivePrefix = "arXiv",
    reportNumber = "TUM-HEP-316-98",
    pages = "281--539",
    month = "6",
    year = "1998"
}

@inproceedings{Silvestrini:2019sey,
    author = "Silvestrini, Luca",
    title = "{Effective Theories for Quark Flavour Physics}",
    booktitle = "{Les Houches summer school}: {EFT in Particle Physics and Cosmology}",
    eprint = "1905.00798",
    archivePrefix = "arXiv",
    primaryClass = "hep-ph",
    reportNumber = "CERN-TH-2019-060",
    month = "5",
    year = "2019"
}

@article{Buchmuller:1985jz,
    author = "Buchmuller, W. and Wyler, D.",
    title = "{Effective Lagrangian Analysis of New Interactions and Flavor Conservation}",
    reportNumber = "CERN-TH-4254/85",
    doi = "10.1016/0550-3213(86)90262-2",
    journal = "Nucl. Phys. B",
    volume = "268",
    pages = "621--653",
    year = "1986"
}

@article{Grzadkowski:2010es,
    author = "Grzadkowski, B. and Iskrzynski, M. and Misiak, M. and Rosiek, J.",
    title = "{Dimension-Six Terms in the Standard Model Lagrangian}",
    eprint = "1008.4884",
    archivePrefix = "arXiv",
    primaryClass = "hep-ph",
    reportNumber = "IFT-9-2010, TTP10-35",
    doi = "10.1007/JHEP10(2010)085",
    journal = "JHEP",
    volume = "10",
    pages = "085",
    year = "2010"
}

@article{Greljo:2017vvb,
      author         = "Greljo, Admir and Marzocca, David",
      title          = "{High-$p_T$ dilepton tails and flavor physics}",
      journal        = "Eur. Phys. J.",
      volume         = "C77",
      year           = "2017",
      number         = "8",
      pages          = "548",
      doi            = "10.1140/epjc/s10052-017-5119-8",
      eprint         = "1704.09015",
      archivePrefix  = "arXiv",
      primaryClass   = "hep-ph",
      reportNumber   = "ZU-TH-12-17",
      SLACcitation   = "%%CITATION = ARXIV:1704.09015;%%"
}

@article{Baker:2019sli,
      author         = "Baker, Michael J. and Fuentes-Martín, Javier and
                        Isidori, Gino and König, Matthias",
      title          = "{High- $p_T$ signatures in vector–leptoquark models}",
      journal        = "Eur. Phys. J.",
      volume         = "C79",
      year           = "2019",
      number         = "4",
      pages          = "334",
      doi            = "10.1140/epjc/s10052-019-6853-x",
      eprint         = "1901.10480",
      archivePrefix  = "arXiv",
      primaryClass   = "hep-ph",
      reportNumber   = "ZU-TH-19/05",
      SLACcitation   = "%%CITATION = ARXIV:1901.10480;%%"
}


%%% LQ %%%%
@article{Buchmuller:1986zs,
    author = "Buchmuller, W. and Ruckl, R. and Wyler, D.",
    title = "{Leptoquarks in Lepton - Quark Collisions}",
    reportNumber = "DESY-86-150, ITP-UH-14-86",
    doi = "10.1016/0370-2693(87)90637-X",
    journal = "Phys. Lett. B",
    volume = "191",
    pages = "442--448",
    year = "1987",
    note = "[Erratum: Phys.Lett.B 448, 320--320 (1999)]"
}

@article{Aebischer:2015fzz,
    author = "Aebischer, Jason and Crivellin, Andreas and Fael, Matteo and Greub, Christoph",
    title = "{Matching of gauge invariant dimension-six operators for $b\to s$ and $b\to c$ transitions}",
    eprint = "1512.02830",
    archivePrefix = "arXiv",
    primaryClass = "hep-ph",
    reportNumber = "CERN-PH-TH-2015-278",
    doi = "10.1007/JHEP05(2016)037",
    journal = "JHEP",
    volume = "05",
    pages = "037",
    year = "2016"
}

@article{Bobeth:2017xry,
    author = "Bobeth, Christoph and Buras, Andrzej J. and Celis, Alejandro and Jung, Martin",
    title = "{Yukawa enhancement of $Z$-mediated new physics in $\Delta S = 2$ and $\Delta B = 2$ processes}",
    eprint = "1703.04753",
    archivePrefix = "arXiv",
    primaryClass = "hep-ph",
    reportNumber = "LMU-ASC-11-17, TUM-HEP-1077-17",
    doi = "10.1007/JHEP07(2017)124",
    journal = "JHEP",
    volume = "07",
    pages = "124",
    year = "2017"
}

@article{Bobeth:2017ecx,
	author         = "Bobeth, Christoph and Buras, Andrzej J.",
	title          = "{Leptoquarks meet $\varepsilon'/\varepsilon$ and rare
	Kaon processes}",
	journal        = "JHEP",
	volume         = "02",
	year           = "2018",
	pages          = "101",
	doi            = "10.1007/JHEP02(2018)101",
	eprint         = "1712.01295",
	archivePrefix  = "arXiv",
	primaryClass   = "hep-ph",
	reportNumber   = "TUM-HEP-1114-17, TUM-HEP-1114/17",
	SLACcitation   = "%%CITATION = ARXIV:1712.01295;%%"
}
@article{delAguila:2010mx,
	author         = "del Aguila, F. and de Blas, J. and Perez-Victoria, M.",
	title          = "{Electroweak Limits on General New Vector Bosons}",
	journal        = "JHEP",
	volume         = "09",
	year           = "2010",
	pages          = "033",
	doi            = "10.1007/JHEP09(2010)033",
	eprint         = "1005.3998",
	archivePrefix  = "arXiv",
	primaryClass   = "hep-ph",
	reportNumber   = "UG-FT-272-10, CAFPE-142-10",
	SLACcitation   = "%%CITATION = ARXIV:1005.3998;%%"
}
@article{Alonso:2015sja,
	author         = "Alonso, Rodrigo and Grinstein, Benjamín and Martin
	Camalich, Jorge",
	title          = "{Lepton universality violation and lepton flavor
	conservation in $B$-meson decays}",
	journal        = "JHEP",
	volume         = "10",
	year           = "2015",
	pages          = "184",
	doi            = "10.1007/JHEP10(2015)184",
	eprint         = "1505.05164",
	archivePrefix  = "arXiv",
	primaryClass   = "hep-ph",
	SLACcitation   = "%%CITATION = ARXIV:1505.05164;%%"
}

@article{Jager:2014rwa,
    author = "Jäger, Sebastian and Martin Camalich, Jorge",
    title = "{Reassessing the discovery potential of the $B \to K^{*} \ell^+\ell^-$ decays in the large-recoil region: SM challenges and BSM opportunities}",
    eprint = "1412.3183",
    archivePrefix = "arXiv",
    primaryClass = "hep-ph",
    doi = "10.1103/PhysRevD.93.014028",
    journal = "Phys. Rev. D",
    volume = "93",
    number = "1",
    pages = "014028",
    year = "2016"
}

@article{Pati:1974yy,
	author = "Pati, Jogesh C. and Salam, Abdus",
	doi = "10.1103/PhysRevD.10.275",
	journal = "Phys.\ Rev.\ D",
	note = "[Erratum: Phys.Rev.D 11, 703--703 (1975)]",
	pages = "275--289",
	reportNumber = "IC-74-7",
	title = "{Lepton Number as the Fourth Color}",
	volume = "10",
	year = "1974"
}
@article{PhysRevLett.32.438,
	title = {Unity of All Elementary-Particle Forces},
	author = {Georgi, Howard and Glashow, S. L.},
	journal = {Phys. Rev. Lett.},
	volume = {32},
	issue = {8},
	pages = {438--441},
	numpages = {0},
	year = {1974},
	month = {Feb},
	publisher = {American Physical Society},
	doi = {10.1103/PhysRevLett.32.438},
	url = {https://link.aps.org/doi/10.1103/PhysRevLett.32.438}
}
@inproceedings{Lane:1993wz,
	author         = "Lane, Kenneth D.",
	title          = "{An Introduction to technicolor}",
	booktitle      = "{Theoretical Advanced Study Institute (TASI 93) in
	Elementary Particle Physics: The Building Blocks of
	Creation - From Microfermius to Megaparsecs Boulder,
	Colorado, June 6-July 2, 1993}",
	year           = "1993",
	pages          = "381-408",
	doi            = "10.1142/9789814503785_0010",
	eprint         = "hep-ph/9401324",
	archivePrefix  = "arXiv",
	primaryClass   = "hep-ph",
	reportNumber   = "BUHEP-94-2,
	BOSTON-UNIVERSITY-PHYSICS-DEPARTMENT-PREPRINT-BUHEP-94-2",
	SLACcitation   = "%%CITATION = HEP-PH/9401324;%%"
}
@article{schrempp1985light,
	title={Light leptoquarks},
	author={Schrempp, Barbara and Schrempp, Fridger},
	journal={Physics Letters B},
	volume={153},
	number={1-2},
	pages={101--107},
	year={1985},
	publisher={Elsevier}
}
@article{Hewett:1997ce,
	author         = "Hewett, JoAnne L. and Rizzo, Thomas G.",
	title          = "{Much ado about leptoquarks: A Comprehensive analysis}",
	journal        = "Phys. Rev.",
	volume         = "D56",
	year           = "1997",
	pages          = "5709-5724",
	doi            = "10.1103/PhysRevD.56.5709",
	eprint         = "hep-ph/9703337",
	archivePrefix  = "arXiv",
	primaryClass   = "hep-ph",
	reportNumber   = "SLAC-PUB-7430",
	SLACcitation   = "%%CITATION = HEP-PH/9703337;%%"
}

@article{DiLuzio:2017chi,
    author = "Di Luzio, Luca and Nardecchia, Marco",
    title = "{What is the scale of new physics behind the $B$-flavour anomalies?}",
    eprint = "1706.01868",
    archivePrefix = "arXiv",
    primaryClass = "hep-ph",
    reportNumber = "IPPP-17-50, CERN-TH-2017-126",
    doi = "10.1140/epjc/s10052-017-5118-9",
    journal = "Eur. Phys. J. C",
    volume = "77",
    number = "8",
    pages = "536",
    year = "2017"
}

@article{Alok:2019uqc,
    author = "Alok, Ashutosh Kumar and Kumar, Dinesh and Kumbhakar, Suman and Uma Sankar, S.",
    title = "{Solutions to $R_D$-$R_{D^*}$ in light of Belle 2019 data}",
    eprint = "1903.10486",
    archivePrefix = "arXiv",
    primaryClass = "hep-ph",
    doi = "10.1016/j.nuclphysb.2020.114957",
    journal = "Nucl. Phys. B",
    volume = "953",
    pages = "114957",
    year = "2020"
}

@article{Murgui:2019czp,
    author = "Murgui, Clara and Peñuelas, Ana and Jung, Martin and Pich, Antonio",
    title = "{Global fit to $b \to c \tau \nu$ transitions}",
    eprint = "1904.09311",
    archivePrefix = "arXiv",
    primaryClass = "hep-ph",
    reportNumber = "IFIC/19-03; FTUV/19-0419",
    doi = "10.1007/JHEP09(2019)103",
    journal = "JHEP",
    volume = "09",
    pages = "103",
    year = "2019"
}

@article{Azatov:2018knx,
    author = "Azatov, Aleksandr and Bardhan, Debjyoti and Ghosh, Diptimoy and Sgarlata, Francesco and Venturini, Elena",
    title = "{Anatomy of $b \to c \tau \nu$ anomalies}",
    eprint = "1805.03209",
    archivePrefix = "arXiv",
    primaryClass = "hep-ph",
    reportNumber = "SISSA 20/2018/FISI, SISSA-20-2018-FISI",
    doi = "10.1007/JHEP11(2018)187",
    journal = "JHEP",
    volume = "11",
    pages = "187",
    year = "2018"
}

@article{Shi:2019gxi,
    author = "Shi, Rui-Xiang and Geng, Li-Sheng and Grinstein, Benjamín and Jäger, Sebastian and Martin Camalich, Jorge",
    title = "{Revisiting the new-physics interpretation of the $b\to c\tau\nu$ data}",
    eprint = "1905.08498",
    archivePrefix = "arXiv",
    primaryClass = "hep-ph",
    doi = "10.1007/JHEP12(2019)065",
    journal = "JHEP",
    volume = "12",
    pages = "065",
    year = "2019"
}

@article{Lees:2013uzd,
    author = "Lees, J.P. and others",
    collaboration = "BaBar",
    title = "{Measurement of an Excess of $\bar{B} \to D^{(*)}\tau^- \bar{\nu}_\tau$ Decays and Implications for Charged Higgs Bosons}",
    eprint = "1303.0571",
    archivePrefix = "arXiv",
    primaryClass = "hep-ex",
    reportNumber = "BABAR-PUB-13-001, SLAC-PUB-15381",
    doi = "10.1103/PhysRevD.88.072012",
    journal = "Phys. Rev. D",
    volume = "88",
    number = "7",
    pages = "072012",
    year = "2013"
}

@article{Hirose:2016wfn,
    author = "Hirose, S. and others",
    collaboration = "Belle",
    title = "{Measurement of the $\tau$ lepton polarization and $R(D^*)$ in the decay $\bar{B} \to D^* \tau^- \bar{\nu}_\tau$}",
    eprint = "1612.00529",
    archivePrefix = "arXiv",
    primaryClass = "hep-ex",
    reportNumber = "KEK-PREPRINT-2016-53, BELLE-PREPRINT-2016-14",
    doi = "10.1103/PhysRevLett.118.211801",
    journal = "Phys. Rev. Lett.",
    volume = "118",
    number = "21",
    pages = "211801",
    year = "2017"
}

@article{Aaij:2017uff,
    author = "Aaij, R. and others",
    collaboration = "LHCb",
    title = "{Measurement of the ratio of the $B^0 \to D^{*-} \tau^+ \nu_{\tau}$ and $B^0 \to D^{*-} \mu^+ \nu_{\mu}$ branching fractions using three-prong $\tau$-lepton decays}",
    eprint = "1708.08856",
    archivePrefix = "arXiv",
    primaryClass = "hep-ex",
    reportNumber = "LHCB-PAPER-2017-017, CERN-EP-2017-212",
    doi = "10.1103/PhysRevLett.120.171802",
    journal = "Phys. Rev. Lett.",
    volume = "120",
    number = "17",
    pages = "171802",
    year = "2018"
}
@article{Huschle:2015rga,
    author = "Huschle, M. and others",
    collaboration = "Belle",
    title = "{Measurement of the branching ratio of $\bar{B} \to D^{(\ast)} \tau^- \bar{\nu}_\tau$ relative to $\bar{B} \to D^{(\ast)} \ell^- \bar{\nu}_\ell$ decays with hadronic tagging at Belle}",
    eprint = "1507.03233",
    archivePrefix = "arXiv",
    primaryClass = "hep-ex",
    reportNumber = "KEK-REPORT-2015-18",
    doi = "10.1103/PhysRevD.92.072014",
    journal = "Phys. Rev. D",
    volume = "92",
    number = "7",
    pages = "072014",
    year = "2015"
}

@article{Abdesselam:2019dgh,
    author = "Abdesselam, A. and others",
    collaboration = "Belle",
    title = "{Measurement of $\mathcal{R}(D)$ and $\mathcal{R}(D^{\ast})$ with a semileptonic tagging method}",
    eprint = "1904.08794",
    archivePrefix = "arXiv",
    primaryClass = "hep-ex",
    month = "4",
    year = "2019"
}

@article{DAmbrosio:2019tph,
    author = "D'Ambrosio, G. and Iyer, A.M. and Piccinini, F. and Polosa, A.D.",
    title = "{Confronting $B$ anomalies with low energy parity violation}",
    eprint = "1902.00893",
    archivePrefix = "arXiv",
    primaryClass = "hep-ph",
    doi = "10.1103/PhysRevD.101.035025",
    journal = "Phys. Rev. D",
    volume = "101",
    number = "3",
    pages = "035025",
    year = "2020"
}

@article{Calibbi:2017qbu,
    author = "Calibbi, Lorenzo and Crivellin, Andreas and Li, Tianjun",
    title = "{Model of vector leptoquarks in view of the $B$-physics anomalies}",
    eprint = "1709.00692",
    archivePrefix = "arXiv",
    primaryClass = "hep-ph",
    reportNumber = "PSI-PR-12-17",
    doi = "10.1103/PhysRevD.98.115002",
    journal = "Phys. Rev. D",
    volume = "98",
    number = "11",
    pages = "115002",
    year = "2018"
}

@article{DiLuzio:2017vat,
    author = "Di Luzio, Luca and Greljo, Admir and Nardecchia, Marco",
    title = "{Gauge leptoquark as the origin of B-physics anomalies}",
    eprint = "1708.08450",
    archivePrefix = "arXiv",
    primaryClass = "hep-ph",
    reportNumber = "IPPP-17-66, ZU-TH-24-17",
    doi = "10.1103/PhysRevD.96.115011",
    journal = "Phys. Rev. D",
    volume = "96",
    number = "11",
    pages = "115011",
    year = "2017"
}

@article{Bordone:2017bld,
    author = "Bordone, Marzia and Cornella, Claudia and Fuentes-Martin, Javier and Isidori, Gino",
    title = "{A three-site gauge model for flavor hierarchies and flavor anomalies}",
    eprint = "1712.01368",
    archivePrefix = "arXiv",
    primaryClass = "hep-ph",
    reportNumber = "ZU-TH-36-17",
    doi = "10.1016/j.physletb.2018.02.011",
    journal = "Phys. Lett. B",
    volume = "779",
    pages = "317--323",
    year = "2018"
}

@article{Barbieri:2017tuq,
    author = "Barbieri, Riccardo and Tesi, Andrea",
    title = "{$B$-decay anomalies in Pati-Salam SU(4)}",
    eprint = "1712.06844",
    archivePrefix = "arXiv",
    primaryClass = "hep-ph",
    doi = "10.1140/epjc/s10052-018-5680-9",
    journal = "Eur. Phys. J. C",
    volume = "78",
    number = "3",
    pages = "193",
    year = "2018"
}

@article{Azatov:2018kzb,
    author = "Azatov, Aleksandr and Barducci, Daniele and Ghosh, Diptimoy and Marzocca, David and Ubaldi, Lorenzo",
    title = "{Combined explanations of B-physics anomalies: the sterile neutrino solution}",
    eprint = "1807.10745",
    archivePrefix = "arXiv",
    primaryClass = "hep-ph",
    reportNumber = "SISSA-30-2018-FISI",
    doi = "10.1007/JHEP10(2018)092",
    journal = "JHEP",
    volume = "10",
    pages = "092",
    year = "2018"
}

@article{Heeck:2018ntp,
    author = "Heeck, Julian and Teresi, Daniele",
    title = "{Pati-Salam explanations of the B-meson anomalies}",
    eprint = "1808.07492",
    archivePrefix = "arXiv",
    primaryClass = "hep-ph",
    reportNumber = "ULB-TH/18-11, UCI-TR-2018-13",
    doi = "10.1007/JHEP12(2018)103",
    journal = "JHEP",
    volume = "12",
    pages = "103",
    year = "2018"
}

@article{Fornal:2018dqn,
    author = "Fornal, Bartosz and Gadam, Sri Aditya and Grinstein, Benjamin",
    title = "{Left-Right SU(4) Vector Leptoquark Model for Flavor Anomalies}",
    eprint = "1812.01603",
    archivePrefix = "arXiv",
    primaryClass = "hep-ph",
    doi = "10.1103/PhysRevD.99.055025",
    journal = "Phys. Rev. D",
    volume = "99",
    number = "5",
    pages = "055025",
    year = "2019"
}

@article{Crivellin:2018yvo,
    author = "Crivellin, Andreas and Greub, Christoph and Müller, Dario and Saturnino, Francesco",
    title = "{Importance of Loop Effects in Explaining the Accumulated Evidence for New Physics in B Decays with a Vector Leptoquark}",
    eprint = "1807.02068",
    archivePrefix = "arXiv",
    primaryClass = "hep-ph",
    reportNumber = "PSI-PR-18-07, ZU-TH 23/18, ZU-TH-23-18",
    doi = "10.1103/PhysRevLett.122.011805",
    journal = "Phys. Rev. Lett.",
    volume = "122",
    number = "1",
    pages = "011805",
    year = "2019"
}

@article{Crivellin:2019dwb,
    author = "Crivellin, Andreas and Müller, Dario and Saturnino, Francesco",
    title = "{Flavor Phenomenology of the Leptoquark Singlet-Triplet Model}",
    eprint = "1912.04224",
    archivePrefix = "arXiv",
    primaryClass = "hep-ph",
    reportNumber = "PSI-PR-19-25, ZU-TH 52/19",
    doi = "10.1007/JHEP06(2020)020",
    journal = "JHEP",
    volume = "06",
    pages = "020",
    year = "2020"
}

@article{Assad:2017iib,
    author = "Assad, Nima and Fornal, Bartosz and Grinstein, Benjamin",
    title = "{Baryon Number and Lepton Universality Violation in Leptoquark and Diquark Models}",
    eprint = "1708.06350",
    archivePrefix = "arXiv",
    primaryClass = "hep-ph",
    doi = "10.1016/j.physletb.2017.12.042",
    journal = "Phys. Lett. B",
    volume = "777",
    pages = "324--331",
    year = "2018"
}

@article{Bordone:2019uzc,
    author = "Bordone, Marzia and Catà, Oscar and Feldmann, Thorsten",
    title = "{Effective Theory Approach to New Physics with Flavour: General Framework and a Leptoquark Example}",
    eprint = "1910.02641",
    archivePrefix = "arXiv",
    primaryClass = "hep-ph",
    reportNumber = "SI-HEP-2019-13, QFET-2019-10, P3H-19-032",
    doi = "10.1007/JHEP01(2020)067",
    journal = "JHEP",
    volume = "01",
    pages = "067",
    year = "2020"
}

@article{Bona:2007vi,
    author = "Bona, M. and others",
    collaboration = "UTfit",
    title = "{Model-independent constraints on $\Delta F=2$ operators and the scale of new physics}",
    eprint = "0707.0636",
    archivePrefix = "arXiv",
    primaryClass = "hep-ph",
    doi = "10.1088/1126-6708/2008/03/049",
    journal = "JHEP",
    volume = "03",
    pages = "049",
    year = "2008"
}

@article{Silvestrini:2018dos,
    author = "Silvestrini, Luca and Valli, Mauro",
    title = "{Model-independent Bounds on the Standard Model Effective Theory from Flavour Physics}",
    eprint = "1812.10913",
    archivePrefix = "arXiv",
    primaryClass = "hep-ph",
    reportNumber = "CERN-TH-2018-279, UCI-TR-2018-24",
    doi = "10.1016/j.physletb.2019.135062",
    journal = "Phys. Lett. B",
    volume = "799",
    pages = "135062",
    year = "2019"
}

@article{Dorsner:2016wpm,
    author = "Dor\v{s}ner, I. and Fajfer, S. and Greljo, A. and Kamenik, J.F. and Ko\v{s}nik, N.",
    title = "{Physics of leptoquarks in precision experiments and at particle colliders}",
    eprint = "1603.04993",
    archivePrefix = "arXiv",
    primaryClass = "hep-ph",
    doi = "10.1016/j.physrep.2016.06.001",
    journal = "Phys. Rept.",
    volume = "641",
    pages = "1--68",
    year = "2016"
}

@article{Bigi:2016mdz,
    author = "Bigi, Dante and Gambino, Paolo",
    title = "{Revisiting $B\to D \ell \nu$}",
    eprint = "1606.08030",
    archivePrefix = "arXiv",
    primaryClass = "hep-ph",
    doi = "10.1103/PhysRevD.94.094008",
    journal = "Phys. Rev. D",
    volume = "94",
    number = "9",
    pages = "094008",
    year = "2016"
}

@article{Bernlochner:2017jka,
    author = "Bernlochner, Florian U. and Ligeti, Zoltan and Papucci, Michele and Robinson, Dean J.",
    title = "{Combined analysis of semileptonic $B$ decays to $D$ and $D^*$: $R(D^{(*)})$, $|V_{cb}|$, and new physics}",
    eprint = "1703.05330",
    archivePrefix = "arXiv",
    primaryClass = "hep-ph",
    doi = "10.1103/PhysRevD.95.115008",
    journal = "Phys. Rev. D",
    volume = "95",
    number = "11",
    pages = "115008",
    year = "2017",
    note = "[Erratum: Phys.Rev.D 97, 059902 (2018)]"
}

@article{Bigi:2017jbd,
    author = "Bigi, Dante and Gambino, Paolo and Schacht, Stefan",
    title = "{$R(D^*)$, $|V_{cb}|$, and the Heavy Quark Symmetry relations between form factors}",
    eprint = "1707.09509",
    archivePrefix = "arXiv",
    primaryClass = "hep-ph",
    doi = "10.1007/JHEP11(2017)061",
    journal = "JHEP",
    volume = "11",
    pages = "061",
    year = "2017"
}

@article{Jaiswal:2017rve,
    author = "Jaiswal, Sneha and Nandi, Soumitra and Patra, Sunando Kumar",
    title = "{Extraction of $|V_{cb}|$ from $B\to D^{(*)}\ell\nu_\ell$ and the Standard Model predictions of $R(D^{(*)})$}",
    eprint = "1707.09977",
    archivePrefix = "arXiv",
    primaryClass = "hep-ph",
    doi = "10.1007/JHEP12(2017)060",
    journal = "JHEP",
    volume = "12",
    pages = "060",
    year = "2017"
}

@article{Bordone:2016gaq,
    author = "Bordone, Marzia and Isidori, Gino and Pattori, Andrea",
    title = "{On the Standard Model predictions for $R_K$ and $R_{K^*}$}",
    eprint = "1605.07633",
    archivePrefix = "arXiv",
    primaryClass = "hep-ph",
    doi = "10.1140/epjc/s10052-016-4274-7",
    journal = "Eur. Phys. J. C",
    volume = "76",
    number = "8",
    pages = "440",
    year = "2016"
}

@article{DAmbrosio:2002vsn,
    author = "D'Ambrosio, G. and Giudice, G.F. and Isidori, G. and Strumia, A.",
    title = "{Minimal flavor violation: An Effective field theory approach}",
    eprint = "hep-ph/0207036",
    archivePrefix = "arXiv",
    reportNumber = "CERN-TH-2002-147, IFUP-TH-2002-17",
    doi = "10.1016/S0550-3213(02)00836-2",
    journal = "Nucl. Phys. B",
    volume = "645",
    pages = "155--187",
    year = "2002"
}

@article{Buras:2000dm,
    author = "Buras, A.J. and Gambino, P. and Gorbahn, M. and Jager, S. and Silvestrini, L.",
    title = "{Universal unitarity triangle and physics beyond the standard model}",
    eprint = "hep-ph/0007085",
    archivePrefix = "arXiv",
    reportNumber = "TUM-HEP-379-00, CERN-TH-2000-190",
    doi = "10.1016/S0370-2693(01)00061-2",
    journal = "Phys. Lett. B",
    volume = "500",
    pages = "161--167",
    year = "2001"
}

@article{Kagan:2009bn,
    author = "Kagan, Alexander L. and Perez, Gilad and Volansky, Tomer and Zupan, Jure",
    title = "{General Minimal Flavor Violation}",
    eprint = "0903.1794",
    archivePrefix = "arXiv",
    primaryClass = "hep-ph",
    reportNumber = "WIS-03-09-MARCH-DPP",
    doi = "10.1103/PhysRevD.80.076002",
    journal = "Phys. Rev. D",
    volume = "80",
    pages = "076002",
    year = "2009"
}

@article{Becirevic:2017jtw,
    author = "Be\v{c}irevi\'c, Damir and Sumensari, Olcyr",
    title = "{A leptoquark model to accommodate $R_K^\mathrm{exp} < R_K^\mathrm{SM}$ and $R_{K^\ast}^\mathrm{exp} < R_{K^\ast}^\mathrm{SM}$}",
    eprint = "1704.05835",
    archivePrefix = "arXiv",
    primaryClass = "hep-ph",
    reportNumber = "LPT-17-20",
    doi = "10.1007/JHEP08(2017)104",
    journal = "JHEP",
    volume = "08",
    pages = "104",
    year = "2017"
}

@article{Calibbi:2019lvs,
    author = "Calibbi, Lorenzo and Crivellin, Andreas and Kirk, Fiona and Manzari, Claudio Andrea and Vernazza, Leonardo",
    title = "{$Z^\prime$ models with less-minimal flavour violation}",
    eprint = "1910.00014",
    archivePrefix = "arXiv",
    primaryClass = "hep-ph",
    reportNumber = "PSI-PR-19-20, UZ-TH 44/19, INT-PUB-19-047",
    month = "9",
    year = "2019"
}

@article{Altmannshofer:2009ma,
    author = "Altmannshofer, Wolfgang and Buras, Andrzej J. and Straub, David M. and Wick, Michael",
    title = "{New strategies for New Physics search in $B \to K^{*} \nu \bar{\nu}$, $B \to K \nu \bar{\nu}$ and $B \to X_{s} \nu \bar{\nu}$ decays}",
    eprint = "0902.0160",
    archivePrefix = "arXiv",
    primaryClass = "hep-ph",
    reportNumber = "TUM-HEP-709-09",
    doi = "10.1088/1126-6708/2009/04/022",
    journal = "JHEP",
    volume = "04",
    pages = "022",
    year = "2009"
}

@article{Buras:2014fpa,
    author = "Buras, Andrzej J. and Girrbach-Noe, Jennifer and Niehoff, Christoph and Straub, David M.",
    title = "{$ B\to {K}^{\left(\ast \right)}\nu \overline{\nu} $ decays in the Standard Model and beyond}",
    eprint = "1409.4557",
    archivePrefix = "arXiv",
    primaryClass = "hep-ph",
    reportNumber = "FLAVOUR(267104)-ERC-80",
    doi = "10.1007/JHEP02(2015)184",
    journal = "JHEP",
    volume = "02",
    pages = "184",
    year = "2015"
}

@article{Descotes-Genon:2020buf,
    author = "Descotes-Genon, Sébastien and Fajfer, Svjetlana and Kamenik, Jernej F. and Novoa-Brunet, Martín",
    title = "{Implications of $b\to s\mu\mu$ Anomalies for Future Measurements of $B \to K^{(*)} \nu \bar \nu$ and $K\to \pi \nu \bar \nu$}",
    eprint = "2005.03734",
    archivePrefix = "arXiv",
    primaryClass = "hep-ph",
    month = "5",
    year = "2020"
}

@article{Capdevila:2020rrl,
    author = "Capdevila, Bernat and Crivellin, Andreas and Manzari, Claudio Andrea and Montull, Marc",
    title = "{Explaining $b\to s\ell^+\ell^-$ and the Cabbibo Angle Anomaly with a Vector Triplet}",
    eprint = "2005.13542",
    archivePrefix = "arXiv",
    primaryClass = "hep-ph",
    reportNumber = "PSI-PR-20-07, ZU-TH 19/20",
    month = "5",
    year = "2020"
}

@article{Belfatto:2019swo,
    author = "Belfatto, Benedetta and Beradze, Revaz and Berezhiani, Zurab",
    title = "{The CKM unitarity problem: A trace of new physics at the TeV scale?}",
    eprint = "1906.02714",
    archivePrefix = "arXiv",
    primaryClass = "hep-ph",
    doi = "10.1140/epjc/s10052-020-7691-6",
    journal = "Eur. Phys. J. C",
    volume = "80",
    number = "2",
    pages = "149",
    year = "2020"
}

@article{Grossman:2019bzp,
    author = "Grossman, Yuval and Passemar, Emilie and Schacht, Stefan",
    title = "{On the Statistical Treatment of the Cabibbo Angle Anomaly}",
    eprint = "1911.07821",
    archivePrefix = "arXiv",
    primaryClass = "hep-ph",
    reportNumber = "JLAB-THY-19-3050",
    month = "11",
    year = "2019"
}

@ARTICLE{2009CoPhC.180.2197C,
       author = {{Caldwell}, Allen and {Koll{\'a}r}, Daniel and {Kr{\"o}ninger}, Kevin},
        title = "{BAT - The Bayesian analysis toolkit}",
      journal = {Computer Physics Communications},
     keywords = {Data analysis, Markov Chain Monte Carlo, 02.50.Ng, 02.50.-r, 02.50.Ga, Distribution theory and Monte Carlo studies, Probability theory stochastic processes and statistics, Markov processes, Physics - Data Analysis, Statistics and Probability, Physics - Computational Physics},
         year = 2009,
        month = nov,
       volume = {180},
       number = {11},
        pages = {2197-2209},
          doi = {10.1016/j.cpc.2009.06.026},
archivePrefix = {arXiv},
       eprint = {0808.2552},
 primaryClass = {physics.data-an},
       adsurl = {https://ui.adsabs.harvard.edu/abs/2009CoPhC.180.2197C},
      adsnote = {Provided by the SAO/NASA Astrophysics Data System}
}

@article{Fleischer:2017ltw,
    author = "Fleischer, Robert and Jaarsma, Ruben and Tetlalmatzi-Xolocotzi, Gilberto",
    title = "{In Pursuit of New Physics with $B^0_{s,d}\to\ell^+\ell^-$}",
    eprint = "1703.10160",
    archivePrefix = "arXiv",
    primaryClass = "hep-ph",
    reportNumber = "NIKHEF-2017-023",
    doi = "10.1007/JHEP05(2017)156",
    journal = "JHEP",
    volume = "05",
    pages = "156",
    year = "2017"
}

@article{Paul:2016urs,
    author = "Paul, Ayan and Straub, David M.",
    title = "{Constraints on new physics from radiative $B$ decays}",
    eprint = "1608.02556",
    archivePrefix = "arXiv",
    primaryClass = "hep-ph",
    doi = "10.1007/JHEP04(2017)027",
    journal = "JHEP",
    volume = "04",
    pages = "027",
    year = "2017"
}

@article{Aaboud:2017buh,
    author = "Aaboud, Morad and others",
    collaboration = "ATLAS",
    title = "{Search for new high-mass phenomena in the dilepton final state using 36 fb$^{−1}$ of proton-proton collision data at $ \sqrt{s}=13 $ TeV with the ATLAS detector}",
    eprint = "1707.02424",
    archivePrefix = "arXiv",
    primaryClass = "hep-ex",
    reportNumber = "CERN-EP-2017-119",
    doi = "10.1007/JHEP10(2017)182",
    journal = "JHEP",
    volume = "10",
    pages = "182",
    year = "2017"
}

@article{Sirunyan:2017roi,
    author = "Sirunyan, Albert M and others",
    collaboration = "CMS",
    title = "{Search for standard model production of four top quarks with same-sign and multilepton final states in proton--proton collisions at $\sqrt{s} = 13\,\text {TeV} $}",
    eprint = "1710.10614",
    archivePrefix = "arXiv",
    primaryClass = "hep-ex",
    reportNumber = "CMS-TOP-17-009, CERN-EP-2017-262",
    doi = "10.1140/epjc/s10052-018-5607-5",
    journal = "Eur. Phys. J. C",
    volume = "78",
    number = "2",
    pages = "140",
    year = "2018"
}

@article{Kannike:2011ng,
      author         = "Kannike, Kristjan and Raidal, Martti and Straub, David M.
                        and Strumia, Alessandro",
      title          = "{Anthropic solution to the magnetic muon anomaly: the
                        charged see-saw}",
      journal        = "JHEP",
      volume         = "02",
      year           = "2012",
      pages          = "106",
      doi            = "10.1007/JHEP02(2012)106, 10.1007/JHEP10(2012)136",
      note           = "[Erratum: JHEP10,136(2012)]",
      eprint         = "1111.2551",
      archivePrefix  = "arXiv",
      primaryClass   = "hep-ph",
      SLACcitation   = "%%CITATION = ARXIV:1111.2551;%%"
}

@article{Thomas:1998wy,
    author = "Thomas, Scott D. and Wells, James D.",
    title = "{Phenomenology of Massive Vectorlike Doublet Leptons}",
    eprint = "hep-ph/9804359",
    archivePrefix = "arXiv",
    reportNumber = "SLAC-PUB-7799, SU-ITP-98-22",
    doi = "10.1103/PhysRevLett.81.34",
    journal = "Phys. Rev. Lett.",
    volume = "81",
    pages = "34--37",
    year = "1998"
}

@article{Kumar:2015tna,
    author = "Kumar, Nilanjana and Martin, Stephen P.",
    title = "{Vectorlike Leptons at the Large Hadron Collider}",
    eprint = "1510.03456",
    archivePrefix = "arXiv",
    primaryClass = "hep-ph",
    reportNumber = "FERMILAB-PUB-15-697-T",
    doi = "10.1103/PhysRevD.92.115018",
    journal = "Phys. Rev. D",
    volume = "92",
    number = "11",
    pages = "115018",
    year = "2015"
}

@article{Bhattiprolu:2019vdu,
    author = "Bhattiprolu, Prudhvi N. and Martin, Stephen P.",
    title = "{Prospects for vectorlike leptons at future proton-proton colliders}",
    eprint = "1905.00498",
    archivePrefix = "arXiv",
    primaryClass = "hep-ph",
    doi = "10.1103/PhysRevD.100.015033",
    journal = "Phys. Rev. D",
    volume = "100",
    number = "1",
    pages = "015033",
    year = "2019"
}

@article{Sirunyan:2019ofn,
    author = "Sirunyan, Albert M and others",
    collaboration = "CMS",
    title = "{Search for vector-like leptons in multilepton final states in proton-proton collisions at $\sqrt{s}$ = 13 TeV}",
    eprint = "1905.10853",
    archivePrefix = "arXiv",
    primaryClass = "hep-ex",
    reportNumber = "CMS-EXO-18-005, CERN-EP-2019-088",
    doi = "10.1103/PhysRevD.100.052003",
    journal = "Phys. Rev. D",
    volume = "100",
    number = "5",
    pages = "052003",
    year = "2019"
}

@article{Aaboud:2018uek,
    author = "Aaboud, Morad and others",
    collaboration = "ATLAS",
    title = "{Search for pair production of heavy vector-like quarks decaying into high-$p_T$ $gy$ bosons and top quarks in the lepton-plus-jets final state in $pp$ collisions at $\sqrt{s}=13$ TeV with the ATLAS detector}",
    eprint = "1806.01762",
    archivePrefix = "arXiv",
    primaryClass = "hep-ex",
    reportNumber = "CERN-EP-2018-088",
    doi = "10.1007/JHEP08(2018)048",
    journal = "JHEP",
    volume = "08",
    pages = "048",
    year = "2018"
}

@article{Mishra:1991bv,
    author = "Mishra, S.R. and others",
    collaboration = "CCFR",
    title = "{Neutrino tridents and W Z interference}",
    reportNumber = "NEVIS-1437",
    doi = "10.1103/PhysRevLett.66.3117",
    journal = "Phys. Rev. Lett.",
    volume = "66",
    pages = "3117--3120",
    year = "1991"
}

% EWPO

@article{Aaboud:2017svj,
    author = "Aaboud, Morad and others",
    collaboration = "ATLAS",
    title = "{Measurement of the $W$-boson mass in pp collisions at $\sqrt{s}=7$ TeV with the ATLAS detector}",
    eprint = "1701.07240",
    archivePrefix = "arXiv",
    primaryClass = "hep-ex",
    reportNumber = "CERN-EP-2016-305",
    doi = "10.1140/epjc/s10052-017-5475-4",
    journal = "Eur. Phys. J. C",
    volume = "78",
    number = "2",
    pages = "110",
    year = "2018",
    note = "[Erratum: Eur.Phys.J.C 78, 898 (2018)]"
}

@article{Khachatryan:2014iya,
    author = "Khachatryan, Vardan and others",
    collaboration = "CMS",
    title = "{Measurement of the t-channel single-top-quark production cross section and of the $\mid V_{tb} \mid$ CKM matrix element in pp collisions at $\sqrt{s}$= 8 TeV}",
    eprint = "1403.7366",
    archivePrefix = "arXiv",
    primaryClass = "hep-ex",
    reportNumber = "CMS-TOP-12-038, CERN-PH-EP-2014-032",
    doi = "10.1007/JHEP06(2014)090",
    journal = "JHEP",
    volume = "06",
    pages = "090",
    year = "2014"
}

@article{Group:2012gb,
    author = "Group, Tevatron Electroweak Working",
    collaboration = "CDF, D0",
    title = "{2012 Update of the Combination of CDF and D0 Results for the Mass of the W Boson}",
    eprint = "1204.0042",
    archivePrefix = "arXiv",
    primaryClass = "hep-ex",
    reportNumber = "FERMILAB-TM-2532-E",
    month = "4",
    year = "2012"
}

@article{Abazov:2011ws,
    author = "Abazov, V.M. and others",
    collaboration = "D0",
    title = "{Measurement of $\sin^2\theta_{\rm eff}^{\ell}$ and $Z$-light quark couplings using the forward-backward charge asymmetry in $p\bar{p} \to Z/\gamma^{*} \to e^{+}e^{-}$ events with ${\cal L}=5.0$ fb$^{-1}$ at $\sqrt{s}=1.96$ TeV}",
    eprint = "1104.4590",
    archivePrefix = "arXiv",
    primaryClass = "hep-ex",
    reportNumber = "FERMILAB-PUB-11-190-E",
    doi = "10.1103/PhysRevD.84.012007",
    journal = "Phys. Rev. D",
    volume = "84",
    pages = "012007",
    year = "2011"
}

@article{Han:2004az,
    author = "Han, Zhenyu and Skiba, Witold",
    title = "{Effective theory analysis of precision electroweak data}",
    eprint = "hep-ph/0412166",
    archivePrefix = "arXiv",
    doi = "10.1103/PhysRevD.71.075009",
    journal = "Phys. Rev. D",
    volume = "71",
    pages = "075009",
    year = "2005"
}

@article{delAguila:2011zs,
    author = "del Aguila, F. and de Blas, J.",
    editor = "Anagnostopoulos, Konstantinos and Irges, Nikos and Zoupanos, George",
    title = "{Electroweak constraints on new physics}",
    eprint = "1105.6103",
    archivePrefix = "arXiv",
    primaryClass = "hep-ph",
    doi = "10.1002/prop.201100068",
    journal = "Fortsch. Phys.",
    volume = "59",
    pages = "1036--1040",
    year = "2011"
}

@article{deBlas:2013gla,
    author = "de Blas, J.",
    editor = "Bosman, M. and Juste, A. and Martínez, M. and Sorin, V.",
    title = "{Electroweak limits on physics beyond the Standard Model}",
    eprint = "1307.6173",
    archivePrefix = "arXiv",
    primaryClass = "hep-ph",
    doi = "10.1051/epjconf/20136019008",
    journal = "EPJ Web Conf.",
    volume = "60",
    pages = "19008",
    year = "2013"
}

@article{Dawson:2019clf,
    author = "Dawson, Sally and Giardino, Pier Paolo",
    title = "{Electroweak and QCD corrections to $Z$ and $W$ pole observables in the standard model EFT}",
    eprint = "1909.02000",
    archivePrefix = "arXiv",
    primaryClass = "hep-ph",
    reportNumber = "IFT-UAM/CSIC-19-118",
    doi = "10.1103/PhysRevD.101.013001",
    journal = "Phys. Rev. D",
    volume = "101",
    number = "1",
    pages = "013001",
    year = "2020"
}

@article{Dawson:2020oco,
    author = "Dawson, Sally and Homiller, Samuel and Lane, Samuel D.",
    title = "{Putting SMEFT Fits to Work}",
    eprint = "2007.01296",
    archivePrefix = "arXiv",
    primaryClass = "hep-ph",
    reportNumber = "YITP-SB-20-18",
    month = "7",
    year = "2020"
}


@article{delAguila:2008pw,
    author = "del Aguila, F. and de Blas, J. and Perez-Victoria, M.",
    title = "{Effects of new leptons in Electroweak Precision Data}",
    eprint = "0803.4008",
    archivePrefix = "arXiv",
    primaryClass = "hep-ph",
    reportNumber = "UG-FT-224-08, CAFPE-94-08",
    doi = "10.1103/PhysRevD.78.013010",
    journal = "Phys. Rev. D",
    volume = "78",
    pages = "013010",
    year = "2008"
}

@article{Bediaga:2018lhg,
    author = "Aaij, Roel and others",
    collaboration = "LHCb",
    title = "{Physics case for an LHCb Upgrade II - Opportunities in flavour physics, and beyond, in the HL-LHC era}",
    eprint = "1808.08865",
    archivePrefix = "arXiv",
    primaryClass = "hep-ex",
    reportNumber = "LHCB-PUB-2018-009, CERN-LHCC-2018-027",
    month = "8",
    year = "2018"
}

@article{Bambade:2019fyw,
    author = "Bambade, Philip and others",
    title = "{The International Linear Collider: A Global Project}",
    eprint = "1903.01629",
    archivePrefix = "arXiv",
    primaryClass = "hep-ex",
    reportNumber = "DESY 19-037, DESY-19-037, FERMILAB-FN-1067-PPD, IFIC/19-10, IRFU-19-10,
  JLAB-PHY-19-2854, KEK Preprint 2018-92, JLAB-PHY-19-2854, KEK
  Preprint 2018-92, LAL/RT 19-001, PNNL-SA-142168,
  SLAC-PUB-17412, SLAC-PUB-17412",
    month = "3",
    year = "2019"
}

@article{deBlas:2018mhx,
    author = "Franceschini, R. and others",
    editor = "de Blas, J.",
    title = "{The CLIC Potential for New Physics}",
    eprint = "1812.02093",
    archivePrefix = "arXiv",
    primaryClass = "hep-ph",
    reportNumber = "CERN-TH-2018-267, CERN-2018-009-M",
    doi = "10.23731/CYRM-2018-003",
    volume = "3/2018",
    month = "12",
    year = "2018"
}

@article{deBlas:2017xtg,
    author = "de Blas, J. and Criado, J.C. and Perez-Victoria, M. and Santiago, J.",
    title = "{Effective description of general extensions of the Standard Model: the complete tree-level dictionary}",
    eprint = "1711.10391",
    archivePrefix = "arXiv",
    primaryClass = "hep-ph",
    reportNumber = "CERN-TH-2017-251",
    doi = "10.1007/JHEP03(2018)109",
    journal = "JHEP",
    volume = "03",
    pages = "109",
    year = "2018"
}

@article{Hurth:2014vma,
    author = "Hurth, T. and Mahmoudi, F. and Neshatpour, S.",
    title = "{Global fits to $b \to s\ell\ell$ data and signs for lepton non-universality}",
    eprint = "1410.4545",
    archivePrefix = "arXiv",
    primaryClass = "hep-ph",
    reportNumber = "CERN-PH-TH-2014-198, MITP-14-078",
    doi = "10.1007/JHEP12(2014)053",
    journal = "JHEP",
    volume = "12",
    pages = "053",
    year = "2014"
}

@article{Hurth:2020rzx,
    author = "Hurth, T. and Mahmoudi, F. and Neshatpour, S.",
    title = "{On the new LHCb angular analysis of $B \to K^* \mu^+ \mu^-$: Hadronic effects or New Physics?}",
    eprint = "2006.04213",
    archivePrefix = "arXiv",
    primaryClass = "hep-ph",
    reportNumber = "CERN-TH-2020-093, MITP/20-030",
    month = "6",
    year = "2020"
}

@article{Chobanova:2017ghn,
    author = "Chobanova, V.G. and Hurth, T. and Mahmoudi, F. and Martinez Santos, D. and Neshatpour, S.",
    title = "{Large hadronic power corrections or new physics in the rare decay $B→K^{∗}\mu^{+}\mu^{−}$?}",
    eprint = "1702.02234",
    archivePrefix = "arXiv",
    primaryClass = "hep-ph",
    reportNumber = "CERN-TH-2017-031, IPM-PA-455, MITP-17-007",
    doi = "10.1007/JHEP07(2017)025",
    journal = "JHEP",
    volume = "07",
    pages = "025",
    year = "2017"
}