% mainfile: hh

@article{JMLR:v20:18-760,
  author  = {Aaron Fisher and Cynthia Rudin and Francesca Dominici},
  title   = {All Models are Wrong, but Many are Useful: Learning a Variable's Importance by Studying an Entire Class of Prediction Models Simultaneously},
  journal = {Journal of Machine Learning Research},
  year    = {2019},
  volume  = {20},
  number  = {177},
  pages   = {1-81},
  url     = {http://jmlr.org/papers/v20/18-760.html},
  eprint = "1801.01489",
    archivePrefix = "arXiv",
}

@article{Pich:2009sp,
    author = "Pich, Antonio and Tuzon, Paula",
    title = "{Yukawa Alignment in the Two-Higgs-Doublet Model}",
    eprint = "0908.1554",
    archivePrefix = "arXiv",
    primaryClass = "hep-ph",
    reportNumber = "IFIC-09-36, FTUV-09-0810",
    doi = "10.1103/PhysRevD.80.091702",
    journal = "Phys. Rev. D",
    volume = "80",
    pages = "091702",
    year = "2009"
}

@article{Pich:2010ic,
    author = "Pich, Antonio",
    editor = "Ricciardi, Giulia and De Nardo, Guglielmo and Merola, Mario and Sciacca, Crisostomo",
    title = "{Flavour constraints on multi-Higgs-doublet models: Yukawa alignment}",
    eprint = "1010.5217",
    archivePrefix = "arXiv",
    primaryClass = "hep-ph",
    reportNumber = "IFIC-10-41, FTUV-10-1025",
    doi = "10.1016/j.nuclphysbps.2010.12.030",
    journal = "Nucl. Phys. B Proc. Suppl.",
    volume = "209",
    pages = "182--187",
    year = "2010"
}

@article{Ferreira:2010xe,
    author = "Ferreira, P. M. and Lavoura, L. and Silva, Joao P.",
    title = "{Renormalization-group constraints on Yukawa alignment in multi-Higgs-doublet models}",
    eprint = "1001.2561",
    archivePrefix = "arXiv",
    primaryClass = "hep-ph",
    reportNumber = "CFTP-10-001",
    doi = "10.1016/j.physletb.2010.04.033",
    journal = "Phys. Lett. B",
    volume = "688",
    pages = "341--344",
    year = "2010"
}

@article{Jung:2010ik,
    author = "Jung, Martin and Pich, Antonio and Tuzon, Paula",
    title = "{Charged-Higgs phenomenology in the Aligned two-Higgs-doublet model}",
    eprint = "1006.0470",
    archivePrefix = "arXiv",
    primaryClass = "hep-ph",
    doi = "10.1007/JHEP11(2010)003",
    journal = "JHEP",
    volume = "11",
    pages = "003",
    year = "2010"
}

@article{Botella:2015yfa,
    author = "Botella, F. J. and Branco, G. C. and Coutinho, Ant\'onio M. and Rebelo, M. N. and Silva-Marcos, J. I.",
    title = "{Natural Quasi-Alignment with two Higgs Doublets and RGE Stability}",
    eprint = "1501.07435",
    archivePrefix = "arXiv",
    primaryClass = "hep-ph",
    reportNumber = "CERN-PH-TH-2015-012",
    doi = "10.1140/epjc/s10052-015-3487-5",
    journal = "Eur. Phys. J. C",
    volume = "75",
    pages = "286",
    year = "2015"
}

@Article{Breiman2001,
author={Breiman, Leo},
title={Random Forests},
journal={Machine Learning},
year={2001},
month={Oct},
day={01},
volume={45},
number={1},
pages={5-32},
issn={1573-0565},
doi={10.1023/A:1010933404324},
url={https://doi.org/10.1023/A:1010933404324}
}

@inproceedings{10.1145/2939672.2939778,
author = {Ribeiro, Marco Tulio and Singh, Sameer and Guestrin, Carlos},
title = {"Why Should I Trust You?": Explaining the Predictions of Any Classifier},
year = {2016},
isbn = {9781450342322},
publisher = {Association for Computing Machinery},
address = {New York, NY, USA},
url = {https://doi.org/10.1145/2939672.2939778},
doi = {10.1145/2939672.2939778},
booktitle = {Proceedings of the 22nd ACM SIGKDD International Conference on Knowledge Discovery and Data Mining},
pages = {1135â1144},
numpages = {10},
keywords = {interpretable machine learning, black box classifier, interpretability, explaining machine learning},
location = {San Francisco, California, USA},
series = {KDD '16}
}

@article{Cornell:2021gut,
    author = "Cornell, Alan S. and Doorsamy, Wesley and Fuks, Benjamin and Harmsen, Gerhard and Mason, Lara",
    title = "{Boosted decision trees in the era of new physics: a smuon analysis case study}",
    eprint = "2109.11815",
    archivePrefix = "arXiv",
    primaryClass = "hep-ph",
    month = "9",
    year = "2021"
}


@inproceedings{10.1145/2939672.2939785,
author = {Chen, Tianqi and Guestrin, Carlos},
title = {{XGBoost: A Scalable Tree Boosting System}},
year = {2016},
isbn = {9781450342322},
publisher = {Association for Computing Machinery},
address = {New York, NY, USA},
url = {https://dl.acm.org/doi/10.1145/2939672.2939785},
doi = {10.1145/2939672.2939785},
booktitle = {Proceedings of the 22nd ACM SIGKDD International Conference on Knowledge Discovery and Data Mining},
pages = {785â794},
numpages = {10},
keywords = {large-scale machine learning},
location = {San Francisco, California, USA},
series = {KDD â16}
}

@inproceedings{NIPS2017_7062,
 author = {Lundberg, Scott M and Lee, Su-In},
 booktitle = {Advances in Neural Information Processing Systems},
 editor = {I. Guyon and U. V. Luxburg and S. Bengio and H. Wallach and R. Fergus and S. Vishwanathan and R. Garnett},
 pages = {4765--4774},
 publisher = {Curran Associates, Inc.},
 title = {A Unified Approach to Interpreting Model Predictions},
 url = {https://proceedings.neurips.cc/paper/2017/file/8a20a8621978632d76c43dfd28b67767-Paper.pdf},
 eprint = {1705.07874},
 volume = {30},
 year = {2017}
}

@article{Lundberg:2020vt,
author = {Lundberg, Scott M and Erion, Gabriel and Chen, Hugh and DeGrave, Alex and Prutkin, Jordan M and Nair, Bala and Katz, Ronit and Himmelfarb, Jonathan and Bansal, Nisha and Lee, Su-In},
title = {{From local explanations to global understanding with explainable AI for trees}},
journal = {Nature Machine Intelligence},
year = {2020},
volume = {2},
number = {1},
pages = {56--67},
doi = {10.1038/s42256-019-0138-9},
url = {https://www.nature.com/articles/s42256-019-0138-9}
}

@article{shapley1951notes,
  title={{Notes on the n-Person Game-II: The Value of an n-Person Game}},
  author={Shapley, Lloyd S},
  year={1951},
  journal = {Rand Corporation},
  publisher={Rand Corporation},
  doi = {},
  url = {https://www.rand.org/pubs/research_memoranda/RM0670.html}
}

@ARTICLE{2018arXiv180203888L,
       author = {{Lundberg}, Scott M. and {Erion}, Gabriel G. and {Lee}, Su-In},
        title = {{Consistent Individualized Feature Attribution for Tree Ensembles}},
      journal = {arXiv e-prints},
     keywords = {Computer Science - Machine Learning, Statistics - Machine Learning},
         year = 2018,
        month = feb,
          eid = {arXiv:1802.03888},
archivePrefix = {arXiv},
       eprint = {1802.03888},
 primaryClass = {cs.LG},
       adsurl = {https://ui.adsabs.harvard.edu/abs/2018arXiv180203888L},
      adsnote = {Provided by the SAO/NASA Astrophysics Data System}
}

@article{Pagani:2020rsg,
    author = "Pagani, Davide and Shao, Hua-Sheng and Zaro, Marco",
    title = "{RIP $H b \bar b$: How other Higgs production modes conspire to kill a rare signal at the LHC}",
    eprint = "2005.10277",
    archivePrefix = "arXiv",
    primaryClass = "hep-ph",
    reportNumber = "DESY-20-089, TIF-UNIMI-2020-16",
    month = "5",
    year = "2020"
}

@article{Deutschmann:2018avk,
    author = "Deutschmann, Nicolas and Maltoni, Fabio and Wiesemann, Marius and Zaro, Marco",
    title = "{Top-Yukawa contributions to bbH production at the LHC}",
    eprint = "1808.01660",
    archivePrefix = "arXiv",
    primaryClass = "hep-ph",
    reportNumber = "CERN-TH-2018-175, CP3-18-52, NIKHEF/2018-037",
    doi = "10.1007/JHEP07(2019)054",
    journal = "JHEP",
    volume = "07",
    pages = "054",
    year = "2019"
}

@article{Faeh:2017fpp,
    author = {F\"ah, Daniel and Greiner, Nicolas},
    title = "{Diphoton production in association with two bottom jets}",
    eprint = "1706.08309",
    archivePrefix = "arXiv",
    primaryClass = "hep-ph",
    reportNumber = "ZU-TH-19-17",
    doi = "10.1140/epjc/s10052-017-5296-5",
    journal = "Eur. Phys. J. C",
    volume = "77",
    number = "11",
    pages = "750",
    year = "2017"
}

@article{Sjostrand:2014zea,
    author = {Sj\"ostrand, Torbj\"orn and Ask, Stefan and Christiansen, Jesper R. and Corke, Richard and Desai, Nishita and Ilten, Philip and Mrenna, Stephen and Prestel, Stefan and Rasmussen, Christine O. and Skands, Peter Z.},
    title = "{An introduction to PYTHIA 8.2}",
    eprint = "1410.3012",
    archivePrefix = "arXiv",
    primaryClass = "hep-ph",
    reportNumber = "LU-TP-14-36, MCNET-14-22, CERN-PH-TH-2014-190, FERMILAB-PUB-14-316-CD, DESY-14-178, SLAC-PUB-16122",
    doi = "10.1016/j.cpc.2015.01.024",
    journal = "Comput. Phys. Commun.",
    volume = "191",
    pages = "159--177",
    year = "2015"
}

@article{deFavereau:2013fsa,
    author = "de Favereau, J. and Delaere, C. and Demin, P. and Giammanco, A. and Lema\^\i{}tre, V. and Mertens, A. and Selvaggi, M.",
    collaboration = "DELPHES 3",
    title = "{DELPHES 3, A modular framework for fast simulation of a generic collider experiment}",
    eprint = "1307.6346",
    archivePrefix = "arXiv",
    primaryClass = "hep-ex",
    doi = "10.1007/JHEP02(2014)057",
    journal = "JHEP",
    volume = "02",
    pages = "057",
    year = "2014"
}

@inbook{Cepeda:2019klc,
    author = "Cepeda, M. and others",
    title = "{Report from Working Group 2}: {Higgs Physics at the HL-LHC and HE-LHC}",
    booktitle = "{Report on the Physics at the HL-LHC,and Perspectives for the HE-LHC}",
    eprint = "1902.00134",
    archivePrefix = "arXiv",
    primaryClass = "hep-ph",
    reportNumber = "CERN-LPCC-2018-04",
    doi = "10.23731/CYRM-2019-007.221",
    volume = "7",
    pages = "221--584",
    month = "12",
    year = "2019"
}

@article{Brod:2013cka,
    author = "Brod, Joachim and Haisch, Ulrich and Zupan, Jure",
    title = "{Constraints on CP-violating Higgs couplings to the third generation}",
    eprint = "1310.1385",
    archivePrefix = "arXiv",
    primaryClass = "hep-ph",
    reportNumber = "NSF-KITP-13-229",
    doi = "10.1007/JHEP11(2013)180",
    journal = "JHEP",
    volume = "11",
    pages = "180",
    year = "2013"
}

@article{Baglio:2015wcg,
    author = "Baglio, Julien and Djouadi, Abdelhak and Quevillon, J\'er\'emie",
    title = "{Prospects for Higgs physics at energies up to 100 TeV}",
    eprint = "1511.07853",
    archivePrefix = "arXiv",
    primaryClass = "hep-ph",
    reportNumber = "KCL-PH-TH-2015-35, LPT-15-90",
    doi = "10.1088/0034-4885/79/11/116201",
    journal = "Rept. Prog. Phys.",
    volume = "79",
    number = "11",
    pages = "116201",
    year = "2016"
}

@article{deBlas:2019rxi,
    author = "de Blas, J. and others",
    title = "{Higgs Boson Studies at Future Particle Colliders}",
    eprint = "1905.03764",
    archivePrefix = "arXiv",
    primaryClass = "hep-ph",
    reportNumber = "DESY-19-079",
    doi = "10.1007/JHEP01(2020)139",
    journal = "JHEP",
    volume = "01",
    pages = "139",
    year = "2020"
}

@article{Bahl:2020wee,
    author = "Bahl, Henning and Bechtle, Philip and Heinemeyer, Sven and Katzy, Judith and Klingl, Tobias and Peters, Krisztian and Saimpert, Matthias and Stefaniak, Tim and Weiglein, Georg",
    title = "{Indirect $\mathcal{CP}$ probes of the Higgs-top-quark interaction: current LHC constraints and future opportunities}",
    eprint = "2007.08542",
    archivePrefix = "arXiv",
    primaryClass = "hep-ph",
    month = "7",
    year = "2020"
}

@article{Ghosh:2019dmv,
    author = "Ghosh, Tathagata and Godbole, Rohini and Tata, Xerxes",
    title = "{Determining the spacetime structure of bottom-quark couplings to spin-zero particles}",
    eprint = "1904.09895",
    archivePrefix = "arXiv",
    primaryClass = "hep-ph",
    reportNumber = "UH-511-1304-19",
    doi = "10.1103/PhysRevD.100.015026",
    journal = "Phys. Rev. D",
    volume = "100",
    number = "1",
    pages = "015026",
    year = "2019"
}

@article{Bi:2020frc,
    author = "Bi, Qi and Chai, Kangyu and Gao, Jun and Liu, Yiming and Zhang, Hao",
    title = "{Investigating Bottom-Quark Yukawa Interaction at Higgs Factory}",
    eprint = "2009.02000",
    archivePrefix = "arXiv",
    primaryClass = "hep-ph",
    month = "9",
    year = "2020"
}

@article{deFlorian:2016spz,
    author = "de Florian, D. and others",
    collaboration = "LHC Higgs Cross Section Working Group",
    title = "{Handbook of LHC Higgs Cross Sections: 4. Deciphering the Nature of the Higgs Sector}",
    eprint = "1610.07922",
    archivePrefix = "arXiv",
    primaryClass = "hep-ph",
    reportNumber = "CERN-2017-002-M, CERN-2017-002",
    doi = "10.23731/CYRM-2017-002",
    volume = "2/2017",
    month = "10",
    year = "2016"
}

@article{Aaboud:2018zhk,
    author = "Aaboud, Morad and others",
    collaboration = "ATLAS",
    title = "{Observation of $H \rightarrow b\bar{b}$ decays and $VH$ production with the ATLAS detector}",
    eprint = "1808.08238",
    archivePrefix = "arXiv",
    primaryClass = "hep-ex",
    reportNumber = "CERN-EP-2018-215",
    doi = "10.1016/j.physletb.2018.09.013",
    journal = "Phys. Lett. B",
    volume = "786",
    pages = "59--86",
    year = "2018"
}

@article{Sirunyan:2018kst,
    author = "Sirunyan, A. M. and others",
    collaboration = "CMS",
    title = "{Observation of Higgs boson decay to bottom quarks}",
    eprint = "1808.08242",
    archivePrefix = "arXiv",
    primaryClass = "hep-ex",
    reportNumber = "CMS-HIG-18-016, CERN-EP-2018-223",
    doi = "10.1103/PhysRevLett.121.121801",
    journal = "Phys. Rev. Lett.",
    volume = "121",
    number = "12",
    pages = "121801",
    year = "2018"
}

%More on Top-yukawa CP related

@article{Bortolato:2020zcg,
    author = "Bortolato, Bla\v{z} and Kamenik, Jernej F. and Ko\v{s}nik, Nejc and Smolkovi\v{c}, Aleks",
    title = "{Optimized probes of $CP$-odd effects in the $t \bar{t} h$ process at hadron colliders}",
    eprint = "2006.13110",
    archivePrefix = "arXiv",
    primaryClass = "hep-ph",
    month = "6",
    year = "2020"
}


@article{Cao:2020hhb,
    author = "Cao, Qing-Hong and Xie, Ke-Pan and Zhang, Hao and Zhang, Rui",
    title = "{A New Observable for Measuring CP Property of Top-Higgs Interaction}",
    eprint = "2008.13442",
    archivePrefix = "arXiv",
    primaryClass = "hep-ph",
    month = "8",
    year = "2020"
}

@article{Ma:2018ott,
    author = "Ma, Kai",
    title = "{Enhancing $CP$ Measurement of the Yukawa Interactions of Top-Quark at $e^{-}e^{+}$ Collider}",
    eprint = "1809.07127",
    archivePrefix = "arXiv",
    primaryClass = "hep-ph",
    doi = "10.1016/j.physletb.2019.134928",
    journal = "Phys. Lett. B",
    volume = "797",
    pages = "134928",
    year = "2019"
}

@article{Hou:2018uvr,
    author = "Hou, Wei-Shu and Kohda, Masaya and Modak, Tanmoy",
    title = "{Probing for extra top Yukawa couplings in light of $t\bar th(125)$ observation}",
    eprint = "1806.06018",
    archivePrefix = "arXiv",
    primaryClass = "hep-ph",
    doi = "10.1103/PhysRevD.98.075007",
    journal = "Phys. Rev. D",
    volume = "98",
    number = "7",
    pages = "075007",
    year = "2018"
}

@article{Goncalves:2018agy,
    author = "Gon\c{c}alves, Dorival and Kong, Kyoungchul and Kim, Jeong Han",
    title = "{Probing the top-Higgs Yukawa CP structure in dileptonic $ t\overline{t}h $ with M$_{2}$-assisted reconstruction}",
    eprint = "1804.05874",
    archivePrefix = "arXiv",
    primaryClass = "hep-ph",
    reportNumber = "PITT-PACC-1807",
    doi = "10.1007/JHEP06(2018)079",
    journal = "JHEP",
    volume = "06",
    pages = "079",
    year = "2018"
}

@article{Mileo:2016mxg,
    author = "Mileo, Nicolas and Kiers, Ken and Szynkman, Alejandro and Crane, Daniel and Gegner, Ethan",
    title = "{Pseudoscalar top-Higgs coupling: exploration of CP-odd observables to resolve the sign ambiguity}",
    eprint = "1603.03632",
    archivePrefix = "arXiv",
    primaryClass = "hep-ph",
    doi = "10.1007/JHEP07(2016)056",
    journal = "JHEP",
    volume = "07",
    pages = "056",
    year = "2016"
}

@article{AmorDosSantos:2017ayi,
    author = "Amor Dos Santos, S. and others",
    title = "{Probing the CP nature of the Higgs coupling in $t{\bar t}h$ events at the LHC}",
    eprint = "1704.03565",
    archivePrefix = "arXiv",
    primaryClass = "hep-ph",
    doi = "10.1103/PhysRevD.96.013004",
    journal = "Phys. Rev. D",
    volume = "96",
    number = "1",
    pages = "013004",
    year = "2017"
}

% they evaluated bbxh with MELA and said no sensitivity on CPV, but only on the 4-flavor gg>bbxh yb2 signal
@article{Gritsan:2016hjl,
    author = {Gritsan, Andrei V. and R\"ontsch, Raoul and Schulze, Markus and Xiao, Meng},
    title = "{Constraining anomalous Higgs boson couplings to the heavy flavor fermions using matrix element techniques}",
    eprint = "1606.03107",
    archivePrefix = "arXiv",
    primaryClass = "hep-ph",
    reportNumber = "TTP16-020, CERN-TH-2016-135",
    doi = "10.1103/PhysRevD.94.055023",
    journal = "Phys. Rev. D",
    volume = "94",
    number = "5",
    pages = "055023",
    year = "2016"
}

@article{Butterworth:2008iy,
    author = "Butterworth, Jonathan M. and Davison, Adam R. and Rubin, Mathieu and Salam, Gavin P.",
    title = "{Jet substructure as a new Higgs search channel at the LHC}",
    eprint = "0802.2470",
    archivePrefix = "arXiv",
    primaryClass = "hep-ph",
    doi = "10.1103/PhysRevLett.100.242001",
    journal = "Phys. Rev. Lett.",
    volume = "100",
    pages = "242001",
    year = "2008"
}

@article{Ball:2017nwa,
    author = "Ball, Richard D. and others",
    collaboration = "NNPDF",
    title = "{Parton distributions from high-precision collider data}",
    eprint = "1706.00428",
    archivePrefix = "arXiv",
    primaryClass = "hep-ph",
    reportNumber = "CAVENDISH-HEP-17-06, CERN-TH-2017-077, EDINBURGH-2017-08, NIKHEF-2017-006, OUTP-17-04P, TIF-UNIMI-2017-3",
    doi = "10.1140/epjc/s10052-017-5199-5",
    journal = "Eur. Phys. J. C",
    volume = "77",
    number = "10",
    pages = "663",
    year = "2017"
}

@article{Buckley:2014ana,
    author = {Buckley, Andy and Ferrando, James and Lloyd, Stephen and Nordstr\"om, Karl and Page, Ben and R\"ufenacht, Martin and Sch\"onherr, Marek and Watt, Graeme},
    title = "{LHAPDF6: parton density access in the LHC precision era}",
    eprint = "1412.7420",
    archivePrefix = "arXiv",
    primaryClass = "hep-ph",
    reportNumber = "GLAS-PPE-2014-05, MCNET-14-29, IPPP-14-111, DCPT-14-222",
    doi = "10.1140/epjc/s10052-015-3318-8",
    journal = "Eur. Phys. J. C",
    volume = "75",
    pages = "132",
    year = "2015"
}

%bbh calculation efforts
@article{Harlander:2003ai,
    author = "Harlander, Robert V. and Kilgore, William B.",
    title = "{Higgs boson production in bottom quark fusion at next-to-next-to leading order}",
    eprint = "hep-ph/0304035",
    archivePrefix = "arXiv",
    reportNumber = "BNL-HET-03-4, CERN-TH-2003-067",
    doi = "10.1103/PhysRevD.68.013001",
    journal = "Phys. Rev. D",
    volume = "68",
    pages = "013001",
    year = "2003"
}

@article{Dittmaier:2003ej,
    author = {Dittmaier, Stefan and Kr\"amer, Michael and Spira, Michael},
    title = "{Higgs radiation off bottom quarks at the Tevatron and the CERN LHC}",
    eprint = "hep-ph/0309204",
    archivePrefix = "arXiv",
    reportNumber = "EDINBURGH-2003-13, MPP-2003-49, PSI-PR-03-14",
    doi = "10.1103/PhysRevD.70.074010",
    journal = "Phys. Rev. D",
    volume = "70",
    pages = "074010",
    year = "2004"
}

@article{Dawson:2003kb,
    author = "Dawson, S. and Jackson, C.B. and Reina, L. and Wackeroth, D.",
    title = "{Exclusive Higgs boson production with bottom quarks at hadron colliders}",
    eprint = "hep-ph/0311067",
    archivePrefix = "arXiv",
    reportNumber = "BNL-HET-03-17, FSU-HEP-2003-1015, UB-HET-03-05",
    doi = "10.1103/PhysRevD.69.074027",
    journal = "Phys. Rev. D",
    volume = "69",
    pages = "074027",
    year = "2004"
}

@article{Wiesemann:2014ioa,
    author = "Wiesemann, M. and Frederix, R. and Frixione, S. and Hirschi, V. and Maltoni, F. and Torrielli, P.",
    title = "{Higgs production in association with bottom quarks}",
    eprint = "1409.5301",
    archivePrefix = "arXiv",
    primaryClass = "hep-ph",
    reportNumber = "CERN-PH-TH-2014-182, CP3-14-64, LPN14-114, MCNET-14-20, ZU-TH-33-14",
    doi = "10.1007/JHEP02(2015)132",
    journal = "JHEP",
    volume = "02",
    pages = "132",
    year = "2015"
}

@article{Forte:2015hba,
    author = "Forte, Stefano and Napoletano, Davide and Ubiali, Maria",
    title = "{Higgs production in bottom-quark fusion in a matched scheme}",
    eprint = "1508.01529",
    archivePrefix = "arXiv",
    primaryClass = "hep-ph",
    reportNumber = "TIF-UNIMI-2015-12, CAVENDISH-HEP-15-06",
    doi = "10.1016/j.physletb.2015.10.051",
    journal = "Phys. Lett. B",
    volume = "751",
    pages = "331--337",
    year = "2015"
}

@article{Bonvini:2015pxa,
    author = "Bonvini, Marco and Papanastasiou, Andrew S. and Tackmann, Frank J.",
    title = "{Resummation and matching of b-quark mass effects in $ b\overline{b}H $ production}",
    eprint = "1508.03288",
    archivePrefix = "arXiv",
    primaryClass = "hep-ph",
    reportNumber = "OUTP-15-16P, DESY-15-137",
    doi = "10.1007/JHEP11(2015)196",
    journal = "JHEP",
    volume = "11",
    pages = "196",
    year = "2015"
}

@article{Jager:2015hka,
    author = "Jager, Barbara and Reina, Laura and Wackeroth, Doreen",
    title = "{Higgs boson production in association with b jets in the POWHEG BOX}",
    eprint = "1509.05843",
    archivePrefix = "arXiv",
    primaryClass = "hep-ph",
    doi = "10.1103/PhysRevD.93.014030",
    journal = "Phys. Rev. D",
    volume = "93",
    number = "1",
    pages = "014030",
    year = "2016"
}

@article{Bonvini:2016fgf,
    author = "Bonvini, Marco and Papanastasiou, Andrew S. and Tackmann, Frank J.",
    title = "{Matched predictions for the $ b\overline{b}H $ cross section at the 13 TeV LHC}",
    eprint = "1605.01733",
    archivePrefix = "arXiv",
    primaryClass = "hep-ph",
    reportNumber = "OUTP-16-08P, CAVENDISH-HEP-16-06, DESY-16-076",
    doi = "10.1007/JHEP10(2016)053",
    journal = "JHEP",
    volume = "10",
    pages = "053",
    year = "2016"
}

@article{Krauss:2016orf,
    author = "Krauss, Frank and Napoletano, Davide and Schumann, Steffen",
    title = "{Simulating $b$-associated production of $Z$ and Higgs bosons with the SHERPA event generator}",
    eprint = "1612.04640",
    archivePrefix = "arXiv",
    primaryClass = "hep-ph",
    reportNumber = "IPPP-16-121, DCPT-16-242, MCNET-16-46",
    doi = "10.1103/PhysRevD.95.036012",
    journal = "Phys. Rev. D",
    volume = "95",
    number = "3",
    pages = "036012",
    year = "2017"
}


%Higgs at muon collider
@article{Han:2012rb,
    author = "Han, Tao and Liu, Zhen",
    title = "{Potential precision of a direct measurement of the Higgs boson total width at a muon collider}",
    eprint = "1210.7803",
    archivePrefix = "arXiv",
    primaryClass = "hep-ph",
    reportNumber = "PITT-PACC-1210",
    doi = "10.1103/PhysRevD.87.033007",
    journal = "Phys. Rev. D",
    volume = "87",
    number = "3",
    pages = "033007",
    year = "2013"
}

@article{Conway:2013lca,
    author = "Conway, Alexander and Wenzel, Hans",
    title = "{Higgs Measurements at a Muon Collider}",
    eprint = "1304.5270",
    archivePrefix = "arXiv",
    primaryClass = "hep-ex",
    reportNumber = "FERMILAB-FN-0958-AD-CD-PPD",
    month = "4",
    year = "2013"
}

@inproceedings{Alexahin:2013ojp,
    author = "Alexahin, Yuri and others",
    title = "{Muon Collider Higgs Factory for Snowmass 2013}",
    booktitle = "{Community Summer Study 2013}: {Snowmass on the Mississippi}",
    eprint = "1308.2143",
    archivePrefix = "arXiv",
    primaryClass = "hep-ph",
    reportNumber = "FERMILAB-CONF-13-245-T",
    month = "8",
    year = "2013"
}

@article{Delahaye:2019omf,
    author = "Delahaye, Jean Pierre and Diemoz, Marcella and Long, Ken and Mansouli\'e, Bruno and Pastrone, Nadia and Rivkin, Lenny and Schulte, Daniel and Skrinsky, Alexander and Wulzer, Andrea",
    title = "{Muon Colliders}",
    eprint = "1901.06150",
    archivePrefix = "arXiv",
    primaryClass = "physics.acc-ph",
    month = "1",
    year = "2019"
}

@article{Chiesa:2020awd,
    author = "Chiesa, Mauro and Maltoni, Fabio and Mantani, Luca and Mele, Barbara and Piccinini, Fulvio and Zhao, Xiaoran",
    title = "{Measuring the quartic Higgs self-coupling at a multi-TeV muon collider}",
    eprint = "2003.13628",
    archivePrefix = "arXiv",
    primaryClass = "hep-ph",
    reportNumber = "CP3-20-15, LAPTH-013/20, MCnet-20-12",
    doi = "10.1007/JHEP09(2020)098",
    journal = "JHEP",
    volume = "09",
    pages = "098",
    year = "2020"
}

@article{Aad:2012tfa,
    author = "Aad, Georges and others",
    collaboration = "ATLAS",
    title = "{Observation of a new particle in the search for the Standard Model Higgs boson with the ATLAS detector at the LHC}",
    eprint = "1207.7214",
    archivePrefix = "arXiv",
    primaryClass = "hep-ex",
    reportNumber = "CERN-PH-EP-2012-218",
    doi = "10.1016/j.physletb.2012.08.020",
    journal = "Phys. Lett. B",
    volume = "716",
    pages = "1--29",
    year = "2012"
}

@article{Chatrchyan:2012ufa,
    author = "Chatrchyan, Serguei and others",
    collaboration = "CMS",
    title = "{Observation of a New Boson at a Mass of 125 GeV with the CMS Experiment at the LHC}",
    eprint = "1207.7235",
    archivePrefix = "arXiv",
    primaryClass = "hep-ex",
    reportNumber = "CMS-HIG-12-028, CERN-PH-EP-2012-220",
    doi = "10.1016/j.physletb.2012.08.021",
    journal = "Phys. Lett. B",
    volume = "716",
    pages = "30--61",
    year = "2012"
}

@article{Sirunyan:2018hoz,
    author = "Sirunyan, Albert M and others",
    collaboration = "CMS",
    title = "{Observation of $\mathrm{t\overline{t}}$H production}",
    eprint = "1804.02610",
    archivePrefix = "arXiv",
    primaryClass = "hep-ex",
    reportNumber = "CMS-HIG-17-035, CERN-EP-2018-064",
    doi = "10.1103/PhysRevLett.120.231801",
    journal = "Phys. Rev. Lett.",
    volume = "120",
    number = "23",
    pages = "231801",
    year = "2018"
}

@article{Aaboud:2018urx,
    author = "Aaboud, M. and others",
    collaboration = "ATLAS",
    title = "{Observation of Higgs boson production in association with a top quark pair at the LHC with the ATLAS detector}",
    eprint = "1806.00425",
    archivePrefix = "arXiv",
    primaryClass = "hep-ex",
    reportNumber = "CERN-EP-2018-138",
    doi = "10.1016/j.physletb.2018.07.035",
    journal = "Phys. Lett. B",
    volume = "784",
    pages = "173--191",
    year = "2018"
}

@article{ATLAS:2020qdt,
      title         = "{A combination of measurements of Higgs boson production
                       and decay using up to $139$ fb$^{-1}$ of proton--proton
                       collision data at $\sqrt{s}=$ 13 TeV collected with the
                       ATLAS experiment}",
      institution   = "CERN",
      collaboration = "ATLAS",
      address       = "Geneva",
      number        = "ATLAS-CONF-2020-027",
      month         = "Aug",
      year          = "2020",
      cdsEntry      = "ATLAS-CONF-2020-027",
      cdsLink       = "http://cds.cern.ch/record/2725733",
}

the model

@misc{tensorflow2015-whitepaper,
title={ {TensorFlow}: Large-Scale Machine Learning on Heterogeneous Systems},
url={https://www.tensorflow.org/},
note={Software available from \href{https://www.tensorflow.org/}{tensorflow.org}},
author={
    Mart\'{\i}n~Abadi and others},
  year={2015},
}

%%%%%
%%%%% EDM part 
% EDM to CP phase in yukawa
@article{Egana-Ugrinovic:2018fpy,
    author = "Egana-Ugrinovic, Daniel and Thomas, Scott",
    title = "{Higgs Boson Contributions to the Electron Electric Dipole Moment}",
    eprint = "1810.08631",
    archivePrefix = "arXiv",
    primaryClass = "hep-ph",
    month = "10",
    year = "2018"
}
@article{Brod:2018pli,
    author = "Brod, Joachim and Stamou, Emmanuel",
    title = "{Electric dipole moment constraints on CP-violating heavy-quark Yukawas at next-to-leading order}",
    eprint = "1810.12303",
    archivePrefix = "arXiv",
    primaryClass = "hep-ph",
    reportNumber = "DO-TH 18/22",
    month = "10",
    year = "2018"
}
@article{Brod:2018lbf,
    author = "Brod, Joachim and Skodras, Dimitrios",
    title = "{Electric dipole moment constraints on CP-violating light-quark Yukawas}",
    eprint = "1811.05480",
    archivePrefix = "arXiv",
    primaryClass = "hep-ph",
    reportNumber = "DO-TH 18/26",
    doi = "10.1007/JHEP01(2019)233",
    journal = "JHEP",
    volume = "01",
    pages = "233",
    year = "2019"
}
%%% ACME
@article{Andreev:2018ayy,
    author = "Andreev, V. and others",
    collaboration = "ACME",
    title = "{Improved limit on the electric dipole moment of the electron}",
    doi = "10.1038/s41586-018-0599-8",
    journal = "Nature",
    volume = "562",
    number = "7727",
    pages = "355--360",
    year = "2018"
}

%reviews
@article{Yamanaka:2017mef,
    author = "Yamanaka, N. and Sahoo, B.K. and Yoshinaga, N. and Sato, T. and Asahi, K. and Das, B.P.",
    title = "{Probing exotic phenomena at the interface of nuclear and particle physics with the electric dipole moments of diamagnetic atoms: A unique window to hadronic and semi-leptonic CP violation}",
    eprint = "1703.01570",
    archivePrefix = "arXiv",
    primaryClass = "hep-ph",
    doi = "10.1140/epja/i2017-12237-2",
    journal = "Eur. Phys. J. A",
    volume = "53",
    number = "3",
    pages = "54",
    year = "2017"
}
@article{Safronova:2017xyt,
    author = "Safronova, M.S. and Budker, D. and DeMille, D. and Kimball, Derek F. Jackson and Derevianko, A. and Clark, C.W.",
    title = "{Search for New Physics with Atoms and Molecules}",
    eprint = "1710.01833",
    archivePrefix = "arXiv",
    primaryClass = "physics.atom-ph",
    doi = "10.1103/RevModPhys.90.025008",
    journal = "Rev. Mod. Phys.",
    volume = "90",
    number = "2",
    pages = "025008",
    year = "2018"
}
@article{Chupp:2017rkp,
    author = "Chupp, Timothy and Fierlinger, Peter and Ramsey-Musolf, Michael and Singh, Jaideep",
    title = "{Electric dipole moments of atoms, molecules, nuclei, and particles}",
    eprint = "1710.02504",
    archivePrefix = "arXiv",
    primaryClass = "physics.atom-ph",
    reportNumber = "ACFI-T17-18",
    doi = "10.1103/RevModPhys.91.015001",
    journal = "Rev. Mod. Phys.",
    volume = "91",
    number = "1",
    pages = "015001",
    year = "2019"
}
%%% proposals for electron/hadron EDM measurements
@article{Vutha:2017pej,
    author = "Vutha, A.C. and Horbatsch, M. and Hessels, E.A.",
    title = "{Oriented polar molecules in a solid inert-gas matrix: a proposed method for measuring the electric dipole moment of the electron}",
    eprint = "1710.08785",
    archivePrefix = "arXiv",
    primaryClass = "physics.atom-ph",
    doi = "10.3390/atoms6010003",
    journal = "Atoms",
    volume = "6",
    number = "1",
    pages = "3",
    year = "2018"
}
@article{Cairncross:2017fip,
    author = "Cairncross, William B. and Gresh, Daniel N. and Grau, Matt and Cossel, Kevin C. and Roussy, Tanya S. and Ni, Yiqi and Zhou, Yan and Ye, Jun and Cornell, Eric A.",
    title = "{Precision Measurement of the Electron\textquoteright{}s Electric Dipole Moment Using Trapped Molecular Ions}",
    eprint = "1704.07928",
    archivePrefix = "arXiv",
    primaryClass = "physics.atom-ph",
    doi = "10.1103/PhysRevLett.119.153001",
    journal = "Phys. Rev. Lett.",
    volume = "119",
    number = "15",
    pages = "153001",
    year = "2017"
}
@article{Vutha:2018tsz,
    author = "Vutha, A.C. and Horbatsch, M. and Hessels, E.A.",
    title = "{Orientation-dependent hyperfine structure of polar molecules in a rare-gas matrix: A scheme for measuring the electron electric dipole moment}",
    eprint = "1806.06774",
    archivePrefix = "arXiv",
    primaryClass = "physics.atom-ph",
    doi = "10.1103/PhysRevA.98.032513",
    journal = "Phys. Rev. A",
    volume = "98",
    number = "3",
    pages = "032513",
    year = "2018"
}
@article{Hutzler:2020lmj,
    author = "Hutzler, N.R. and others",
    title = "{Searches for new sources of CP violation using molecules as quantum sensors}",
    journal = "{Snowmass LOI 2020}",
    eprint = "2010.08709",
    archivePrefix = "arXiv",
    primaryClass = "hep-ph",
    month = "10",
    year = "2020"
}
@article{Strategy:2019vxc,
    author = "Ellis, Richard Keith and others",
    title = "{Physics Briefing Book}: {Input for the European Strategy for Particle Physics Update 2020}",
    eprint = "1910.11775",
    archivePrefix = "arXiv",
    primaryClass = "hep-ex",
    cdsEntry = "CERN-ESU-004",
    cdsLink = "http://cds.cern.ch/record/2691414",
    month = "10",
    year = "2019"
}

@article{Salvatier2016,
  doi = {10.7717/peerj-cs.55},
  url = {https://doi.org/10.7717/peerj-cs.55},
  year  = {2016},
  month = {apr},
  publisher = {{PeerJ}},
  volume = {2},
  pages = {e55},
  author = {John Salvatier and Thomas V. Wiecki and Christopher Fonnesbeck},
  title = {Probabilistic programming in Python using {PyMC}3},
  journal = {{PeerJ} Computer Science}
}


@article{Dawson:2005vi,
    author = "Dawson, S. and Jackson, C.B. and Reina, L. and Wackeroth, D.",
    title = "{Higgs production in association with bottom quarks at hadron colliders}",
    eprint = "hep-ph/0508293",
    archivePrefix = "arXiv",
    doi = "10.1142/S0217732306019256",
    journal = "Mod. Phys. Lett. A",
    volume = "21",
    pages = "89--110",
    year = "2006"
}

@inproceedings{Campbell:2004pu,
    author = "Campbell, John M. and Dawson, S. and Dittmaier, S. and Jackson, C. and Kramer, M. and Maltoni, F. and Reina, L. and Spira, M. and Wackeroth, D. and Willenbrock, S.",
    title = "{Higgs boson production in association with bottom quarks}",
    booktitle = "{3rd Les Houches Workshop on Physics at TeV Colliders}",
    eprint = "hep-ph/0405302",
    archivePrefix = "arXiv",
    month = "5",
    year = "2004"
}

@ARTICLE{6472238,
  author={Y. {Bengio} and A. {Courville} and P. {Vincent}},
  journal={IEEE Transactions on Pattern Analysis and Machine Intelligence}, 
  title={{Representation Learning: A Review and New Perspectives}}, 
  year={2013},
  volume={35},
  number={8},
  pages={1798-1828},
  doi={10.1109/TPAMI.2013.50}}

@article{SCHMIDHUBER201585,
title = "{Deep learning in neural networks: An overview}",
journal = "Neural Networks",
volume = "61",
pages = "85 - 117",
year = "2015",
issn = "0893-6080",
doi = "10.1016/j.neunet.2014.09.003",
url = "http://www.sciencedirect.com/science/article/pii/S0893608014002135",
author = "J\:urgen Schmidhuber",
keywords = "Deep learning, Supervised learning, Unsupervised learning, Reinforcement learning, Evolutionary computation",
abstract = "In recent years, deep artificial neural networks (including recurrent ones) have won numerous contests in pattern recognition and machine learning. This historical survey compactly summarizes relevant work, much of it from the previous millennium. Shallow and Deep Learners are distinguished by the depth of their credit assignment paths, which are chains of possibly learnable, causal links between actions and effects. I review deep supervised learning (also recapitulating the history of backpropagation), unsupervised learning, reinforcement learning & evolutionary computation, and indirect search for short programs encoding deep and large networks."
}

@Article{Rudin2019,
author={Rudin, Cynthia},
title={Stop explaining black box machine learning models for high stakes decisions and use interpretable models instead},
journal={Nature Machine Intelligence},
year={2019},
month={May},
day={01},
volume={1},
number={5},
pages={206-215},
abstract={Black box machine learning models are currently being used for high-stakes decision making throughout society, causing problems in healthcare, criminal justice and other domains. Some people hope that creating methods for explaining these black box models will alleviate some of the problems, but trying to explain black box models, rather than creating models that are interpretable in the first place, is likely to perpetuate bad practice and can potentially cause great harm to society. The way forward is to design models that are inherently interpretable. This Perspective clarifies the chasm between explaining black boxes and using inherently interpretable models, outlines several key reasons why explainable black boxes should be avoided in high-stakes decisions, identifies challenges to interpretable machine learning, and provides several example applications where interpretable models could potentially replace black box models in criminal justice, healthcare and computer vision.},
issn={2522-5839},
doi={10.1038/s42256-019-0048-x},
url={https://doi.org/10.1038/s42256-019-0048-x},
eprint = {1811.10154},
archivePrefix = {arXiv},
primaryClass = {stat-ML},
}

@article{ATLAS:2017muo,
      title         = "{Study of the double Higgs production channel
                       $H(\rightarrow b\bar{b})H(\rightarrow \gamma\gamma)$ with
                       the ATLAS experiment at the HL-LHC}",
      institution   = "CERN",
      collaboration = "ATLAS",
      address       = "Geneva",
      number        = "ATL-PHYS-PUB-2017-001",
      month         = "Jan",
      year          = "2017",
      cdsEntry  = "ATL-PHYS-PUB-2017-001",
      cdsLink           = "https://cds.cern.ch/record/2243387",
}

@article{Demartin:2015uha,
    author = "Demartin, Federico and Maltoni, Fabio and Mawatari, Kentarou and Zaro, Marco",
    title = "{Higgs production in association with a single top quark at the LHC}",
    eprint = "1504.00611",
    archivePrefix = "arXiv",
    primaryClass = "hep-ph",
    reportNumber = "MCNET-15-07, CP3-15-08",
    doi = "10.1140/epjc/s10052-015-3475-9",
    journal = "Eur. Phys. J. C",
    volume = "75",
    number = "6",
    pages = "267",
    year = "2015"
}

@article{Demartin:2016axk,
    author = "Demartin, Federico and Maier, Benedikt and Maltoni, Fabio and Mawatari, Kentarou and Zaro, Marco",
    title = "{tWH associated production at the LHC}",
    eprint = "1607.05862",
    archivePrefix = "arXiv",
    primaryClass = "hep-ph",
    reportNumber = "MCNET-16-30, CP3-16-40, LPSC16158",
    doi = "10.1140/epjc/s10052-017-4601-7",
    journal = "Eur. Phys. J. C",
    volume = "77",
    number = "1",
    pages = "34",
    year = "2017"
}

@article{Demartin:2014fia,
    author = "Demartin, Federico and Maltoni, Fabio and Mawatari, Kentarou and Page, Ben and Zaro, Marco",
    title = "{Higgs characterisation at NLO in QCD: CP properties of the top-quark Yukawa interaction}",
    eprint = "1407.5089",
    archivePrefix = "arXiv",
    primaryClass = "hep-ph",
    reportNumber = "CP3-14-59, LPN14-096, MCNET-14-21",
    doi = "10.1140/epjc/s10052-014-3065-2",
    journal = "Eur. Phys. J. C",
    volume = "74",
    number = "9",
    pages = "3065",
    year = "2014"
}

@article{Brehmer:2016nyr,
    author = "Brehmer, Johann and Cranmer, Kyle and Kling, Felix and Plehn, Tilman",
    title = "{Better Higgs boson measurements through information geometry}",
    eprint = "1612.05261",
    archivePrefix = "arXiv",
    primaryClass = "hep-ph",
    doi = "10.1103/PhysRevD.95.073002",
    journal = "Phys. Rev. D",
    volume = "95",
    number = "7",
    pages = "073002",
    year = "2017"
}

@article{Diehl:1993br,
      author         = "Diehl, M. and Nachtmann, O.",
      title          = "{Optimal observables for the measurement of three gauge
                        boson couplings in $e^+e^-\to W^+W^-$}",
      journal        = "Z. Phys.",
      volume         = "C62",
      year           = "1994",
      pages          = "397-412",
      doi            = "10.1007/BF01555899",
      reportNumber   = "HD-THEP-93-37",
      SLACcitation   = "%%CITATION = ZEPYA,C62,397;%%"
}
@article{Grzadkowski:2010es,
    author = "Grzadkowski, B. and Iskrzynski, M. and Misiak, M. and Rosiek, J.",
    title = "{Dimension-Six Terms in the Standard Model Lagrangian}",
    eprint = "1008.4884",
    archivePrefix = "arXiv",
    primaryClass = "hep-ph",
    reportNumber = "IFT-9-2010, TTP10-35",
    doi = "10.1007/JHEP10(2010)085",
    journal = "JHEP",
    volume = "10",
    pages = "085",
    year = "2010"
}
@article{Contino:2013kra,
    author = "Contino, Roberto and Ghezzi, Margherita and Grojean, Christophe and Muhlleitner, Margarete and Spira, Michael",
    title = "{Effective Lagrangian for a light Higgs-like scalar}",
    eprint = "1303.3876",
    archivePrefix = "arXiv",
    primaryClass = "hep-ph",
    reportNumber = "CERN-PH-TH-2013-047, KA-TP-06-2013, PSI-PR-13-04",
    doi = "10.1007/JHEP07(2013)035",
    journal = "JHEP",
    volume = "07",
    pages = "035",
    year = "2013"
}
@article{Blankenburg:2012ex,
    author = "Blankenburg, Gianluca and Ellis, John and Isidori, Gino",
    title = "{Flavour-Changing Decays of a 125 GeV Higgs-like Particle}",
    eprint = "1202.5704",
    archivePrefix = "arXiv",
    primaryClass = "hep-ph",
    reportNumber = "CERN-PH-TH-2012-049, KCL-PH-TH-2012-09, LCTS-2012-05",
    doi = "10.1016/j.physletb.2012.05.007",
    journal = "Phys. Lett. B",
    volume = "712",
    pages = "386--390",
    year = "2012"
}
@article{Harnik:2012pb,
    author = "Harnik, Roni and Kopp, Joachim and Zupan, Jure",
    title = "{Flavor Violating Higgs Decays}",
    eprint = "1209.1397",
    archivePrefix = "arXiv",
    primaryClass = "hep-ph",
    reportNumber = "FERMILAB-PUB-12-498-T",
    doi = "10.1007/JHEP03(2013)026",
    journal = "JHEP",
    volume = "03",
    pages = "026",
    year = "2013"
}
@article{Egana-Ugrinovic:2019dqu,
    author = "Egana-Ugrinovic, Daniel and Homiller, Samuel and Meade, Patrick Roddy",
    title = "{Higgs bosons with large couplings to light quarks}",
    eprint = "1908.11376",
    archivePrefix = "arXiv",
    primaryClass = "hep-ph",
    reportNumber = "YITP-SB-19-25",
    doi = "10.1103/PhysRevD.100.115041",
    journal = "Phys. Rev. D",
    volume = "100",
    number = "11",
    pages = "115041",
    year = "2019"
}
@article{Egana-Ugrinovic:2018znw,
    author = "Egana-Ugrinovic, Daniel and Homiller, Samuel and Meade, Patrick",
    title = "{Aligned and Spontaneous Flavor Violation}",
    eprint = "1811.00017",
    archivePrefix = "arXiv",
    primaryClass = "hep-ph",
    doi = "10.1103/PhysRevLett.123.031802",
    journal = "Phys. Rev. Lett.",
    volume = "123",
    number = "3",
    pages = "031802",
    year = "2019"
}
@article{Bar-Shalom:2018rjs,
    author = "Bar-Shalom, Shaouly and Soni, Amarjit",
    title = "{Universally enhanced light-quarks Yukawa couplings paradigm}",
    eprint = "1804.02400",
    archivePrefix = "arXiv",
    primaryClass = "hep-ph",
    doi = "10.1103/PhysRevD.98.055001",
    journal = "Phys. Rev. D",
    volume = "98",
    number = "5",
    pages = "055001",
    year = "2018"
}
@article{DAmbrosio:2002vsn,
    author = "D'Ambrosio, G. and Giudice, G. F. and Isidori, G. and Strumia, A.",
    title = "{Minimal flavor violation: An Effective field theory approach}",
    eprint = "hep-ph/0207036",
    archivePrefix = "arXiv",
    reportNumber = "CERN-TH-2002-147, IFUP-TH-2002-17",
    doi = "10.1016/S0550-3213(02)00836-2",
    journal = "Nucl. Phys. B",
    volume = "645",
    pages = "155--187",
    year = "2002"
}
@article{Dery:2017axi,
    author = "Dery, Avital and Frugiuele, Claudia and Nir, Yosef",
    title = "{Large Higgs-electron Yukawa coupling in 2HDM}",
    eprint = "1712.04514",
    archivePrefix = "arXiv",
    primaryClass = "hep-ph",
    doi = "10.1007/JHEP04(2018)044",
    journal = "JHEP",
    volume = "04",
    pages = "044",
    year = "2018"
}
@article{DiLuzio:2017tfn,
    author = {Di Luzio, Luca and Gr\"ober, Ramona and Spannowsky, Michael},
    title = "{Maxi-sizing the trilinear Higgs self-coupling: how large could it be?}",
    eprint = "1704.02311",
    archivePrefix = "arXiv",
    primaryClass = "hep-ph",
    reportNumber = "IPPP-17-26",
    doi = "10.1140/epjc/s10052-017-5361-0",
    journal = "Eur. Phys. J. C",
    volume = "77",
    number = "11",
    pages = "788",
    year = "2017"
}
@article{Falkowski:2019tft,
    author = "Falkowski, Adam and Rattazzi, Riccardo",
    title = "{Which EFT}",
    eprint = "1902.05936",
    archivePrefix = "arXiv",
    primaryClass = "hep-ph",
    reportNumber = "LPT Orsay 19-05",
    doi = "10.1007/JHEP10(2019)255",
    journal = "JHEP",
    volume = "10",
    pages = "255",
    year = "2019"
}
@article{Chang:2019vez,
    author = "Chang, Spencer and Luty, Markus A.",
    title = "{The Higgs Trilinear Coupling and the Scale of New Physics}",
    eprint = "1902.05556",
    archivePrefix = "arXiv",
    primaryClass = "hep-ph",
    doi = "10.1007/JHEP03(2020)140",
    journal = "JHEP",
    volume = "03",
    pages = "140",
    year = "2020"
}
@article{Alasfar:2019pmn,
    author = {Alasfar, Lina and Corral Lopez, Roberto and Gr\"ober, Ramona},
    title = "{Probing Higgs couplings to light quarks via Higgs pair production}",
    eprint = "1909.05279",
    archivePrefix = "arXiv",
    primaryClass = "hep-ph",
    reportNumber = "HU-EP-19/25",
    doi = "10.1007/JHEP11(2019)088",
    journal = "JHEP",
    volume = "11",
    pages = "088",
    year = "2019"
}
@article{Carpenter:2016mwd,
    author = "Carpenter, Linda M. and Han, Tao and Hendricks, Khalida and Qian, Zhuoni and Zhou, Ning",
    title = "{Higgs Boson Decay to Light Jets at the LHC}",
    eprint = "1611.05463",
    archivePrefix = "arXiv",
    primaryClass = "hep-ph",
    reportNumber = "PITT-PACC-1614",
    doi = "10.1103/PhysRevD.95.053003",
    journal = "Phys. Rev. D",
    volume = "95",
    number = "5",
    pages = "053003",
    year = "2017"
}
@article{Charles:2018vfv,
    author = "Charles, T. K. and others",
    editor = "Burrows, P. N. and Catalan Lasheras, N. and Linssen, L. and Petri\v{c}, M. and Robson, A. and Schulte, D. and Sicking, E. and Stapnes, S.",
    collaboration = "CLICdp, CLIC",
    title = "{The Compact Linear Collider (CLIC) - 2018 Summary Report}",
    eprint = "1812.06018",
    archivePrefix = "arXiv",
    primaryClass = "physics.acc-ph",
    reportNumber = "CERN-2018-005-M, CERN-2018-005",
    doi = "10.23731/CYRM-2018-002",
    volume = "2/2018",
    month = "12",
    year = "2018"
}
@article{Bambade:2019fyw,
    author = "Bambade, Philip and others",
    title = "{The International Linear Collider: A Global Project}",
    eprint = "1903.01629",
    archivePrefix = "arXiv",
    primaryClass = "hep-ex",
    reportNumber = "DESY 19-037, DESY-19-037, FERMILAB-FN-1067-PPD, IFIC/19-10, IRFU-19-10,
  JLAB-PHY-19-2854, KEK Preprint 2018-92, JLAB-PHY-19-2854, KEK
  Preprint 2018-92, LAL/RT 19-001, PNNL-SA-142168,
  SLAC-PUB-17412, SLAC-PUB-17412",
    month = "3",
    year = "2019"
}
@article{CEPCStudyGroup:2018ghi,
    author = "Dong, Mingyi and others",
    editor = "Guimar\~aes da Costa, Jo\~ao Barreiro and others",
    collaboration = "CEPC Study Group",
    title = "{CEPC Conceptual Design Report: Volume 2 - Physics \& Detector}",
    eprint = "1811.10545",
    archivePrefix = "arXiv",
    primaryClass = "hep-ex",
    reportNumber = "IHEP-CEPC-DR-2018-02, IHEP-EP-2018-01, IHEP-TH-2018-01",
    month = "11",
    year = "2018"
}
@article{Gao:2016jcm,
    author = "Gao, Jun",
    title = "{Probing light-quark Yukawa couplings via hadronic event shapes at lepton colliders}",
    eprint = "1608.01746",
    archivePrefix = "arXiv",
    primaryClass = "hep-ph",
    doi = "10.1007/JHEP01(2018)038",
    journal = "JHEP",
    volume = "01",
    pages = "038",
    year = "2018"
}
@article{Bishara:2016jga,
    author = "Bishara, Fady and Haisch, Ulrich and Monni, Pier Francesco and Re, Emanuele",
    title = "{Constraining Light-Quark Yukawa Couplings from Higgs Distributions}",
    eprint = "1606.09253",
    archivePrefix = "arXiv",
    primaryClass = "hep-ph",
    reportNumber = "OUTP-16-18P, CERN-TH-2016-136, LAPTH-026/16",
    doi = "10.1103/PhysRevLett.118.121801",
    journal = "Phys. Rev. Lett.",
    volume = "118",
    number = "12",
    pages = "121801",
    year = "2017"
}
@article{Soreq:2016rae,
    author = "Soreq, Yotam and Zhu, Hua Xing and Zupan, Jure",
    title = "{Light quark Yukawa couplings from Higgs kinematics}",
    eprint = "1606.09621",
    archivePrefix = "arXiv",
    primaryClass = "hep-ph",
    reportNumber = "MIT-CTP-4817",
    doi = "10.1007/JHEP12(2016)045",
    journal = "JHEP",
    volume = "12",
    pages = "045",
    year = "2016"
}
@article{Bonner:2016sdg,
    author = "Bonner, Gage and Logan, Heather E.",
    title = "{Constraining the Higgs couplings to up and down quarks using production kinematics at the CERN Large Hadron Collider}",
    eprint = "1608.04376",
    archivePrefix = "arXiv",
    primaryClass = "hep-ph",
    month = "8",
    year = "2016"
}
@article{DiVita:2017vrr,
    author = "Di Vita, Stefano and Durieux, Gauthier and Grojean, Christophe and Gu, Jiayin and Liu, Zhen and Panico, Giuliano and Riembau, Marc and Vantalon, Thibaud",
    title = "{A global view on the Higgs self-coupling at lepton colliders}",
    eprint = "1711.03978",
    archivePrefix = "arXiv",
    primaryClass = "hep-ph",
    reportNumber = "DESY-17-131, FERMILAB-PUB-17-462-T",
    doi = "10.1007/JHEP02(2018)178",
    journal = "JHEP",
    volume = "02",
    pages = "178",
    year = "2018"
}
@article{Okada:2012gy,
    author = "Okada, Yasuhiro and Panizzi, Luca",
    title = "{LHC signatures of vector-like quarks}",
    eprint = "1207.5607",
    archivePrefix = "arXiv",
    primaryClass = "hep-ph",
    reportNumber = "KEK-TH-1560, LYCEN-2012-04",
    doi = "10.1155/2013/364936",
    journal = "Adv. High Energy Phys.",
    volume = "2013",
    pages = "364936",
    year = "2013"
}
@article{Lavoura:1992qd,
    author = "Lavoura, L. and Silva, Joao P.",
    title = "{Bounds on the mixing of the down type quarks with vector - like singlet quarks}",
    reportNumber = "CMU-HEP92-21",
    doi = "10.1103/PhysRevD.47.1117",
    journal = "Phys. Rev. D",
    volume = "47",
    pages = "1117--1126",
    year = "1993"
}
@inproceedings{Maiani:2013fpa,
    author = "Maiani, Luciano",
    title = "{The GIM Mechanism: origin, predictions and recent uses}",
    booktitle = "{48th Rencontres de Moriond on Electroweak Interactions and Unified Theories}",
    eprint = "1303.6154",
    archivePrefix = "arXiv",
    primaryClass = "hep-ph",
    month = "3",
    year = "2013"
}
@article{Botella:2016ibj,
    author = "Botella, Francisco J. and Branco, G. C. and Nebot, Miguel and Rebelo, M. N. and Silva-Marcos, J. I.",
    title = "{Vector-like Quarks at the Origin of Light Quark Masses and Mixing}",
    eprint = "1610.03018",
    archivePrefix = "arXiv",
    primaryClass = "hep-ph",
    reportNumber = "IFIC-16-68",
    doi = "10.1140/epjc/s10052-017-4933-3",
    journal = "Eur. Phys. J. C",
    volume = "77",
    number = "6",
    pages = "408",
    year = "2017"
}
@article{Golling:2016gvc,
    author = "Golling, T. and others",
    title = "{Physics at a 100 TeV pp collider: beyond the Standard Model phenomena}",
    eprint = "1606.00947",
    archivePrefix = "arXiv",
    primaryClass = "hep-ph",
    reportNumber = "CERN-TH-2016-111",
    doi = "10.23731/CYRM-2017-003.441",
    month = "6",
    year = "2016"
}
@article{1869269,
    author = "Altmannshofer, Wolfgang and Gadam, Sri Aditya",
    title = "{A Supersymmetric Flavor Clockwork}",
    eprint = "2106.09869",
    archivePrefix = "arXiv",
    primaryClass = "hep-ph",
    month = "6",
    year = "2021"
}
@article{Aebischer:2020dsw,
    author = "Aebischer, Jason and Bobeth, Christoph and Buras, Andrzej J. and Kumar, Jacky",
    title = "{SMEFT ATLAS of $\Delta$F = 2 transitions}",
    eprint = "2009.07276",
    archivePrefix = "arXiv",
    primaryClass = "hep-ph",
    doi = "10.1007/JHEP12(2020)187",
    journal = "JHEP",
    volume = "12",
    pages = "187",
    year = "2020"
}
%%%%state of the art
@article{Brivio:2015fxa,
	author = "Brivio, Ilaria and Goertz, Florian and Isidori, Gino",
	title = "{Probing the Charm Quark Yukawa Coupling in Higgs+Charm Production}",
	eprint = "1507.02916",
	archivePrefix = "arXiv",
	primaryClass = "hep-ph",
	reportNumber = "CERN-PH-TH-2015-160, FTUAM-15-19, IFT-UAM-CSIC-15-068, ZU-TH-23-15",
	doi = "10.1103/PhysRevLett.115.211801",
	journal = "Phys. Rev. Lett.",
	volume = "115",
	number = "21",
	pages = "211801",
	year = "2015"
}
%%%%%%%%%%%%
@article{Ellis:2020unq,
	author = "Ellis, John and Madigan, Maeve and Mimasu, Ken and Sanz, Veronica and You, Tevong",
	title = "{Top, Higgs, Diboson and Electroweak Fit to the Standard Model Effective Field Theory}",
	eprint = "2012.02779",
	archivePrefix = "arXiv",
	primaryClass = "hep-ph",
	reportNumber = "KCL-PH-TH/2020-73, CERN-TH-2020-202",
	month = "12",
	year = "2020"
}
@article{McCullough:2013rea,
	author = "McCullough, Matthew",
	title = "{An Indirect Model-Dependent Probe of the Higgs Self-Coupling}",
	eprint = "1312.3322",
	archivePrefix = "arXiv",
	primaryClass = "hep-ph",
	reportNumber = "MIT-CTP-4521",
	doi = "10.1103/PhysRevD.90.015001",
	journal = "Phys. Rev. D",
	volume = "90",
	number = "1",
	pages = "015001",
	year = "2014",
	note = "[Erratum: Phys.Rev.D 92, 039903 (2015)]"
}

@article{Gorbahn:2016uoy,
	author = "Gorbahn, Martin and Haisch, Ulrich",
	title = "{Indirect probes of the trilinear Higgs coupling: $gg \to h$ and $h \to \gamma \gamma$}",
	eprint = "1607.03773",
	archivePrefix = "arXiv",
	primaryClass = "hep-ph",
	reportNumber = "LTH-1092, CERN-TH-2016-161",
	doi = "10.1007/JHEP10(2016)094",
	journal = "JHEP",
	volume = "10",
	pages = "094",
	year = "2016"
}
@article{Bizon:2016wgr,
	author = "Bizon, Wojciech and Gorbahn, Martin and Haisch, Ulrich and Zanderighi, Giulia",
	title = "{Constraints on the trilinear Higgs coupling from vector boson fusion and associated Higgs production at the LHC}",
	eprint = "1610.05771",
	archivePrefix = "arXiv",
	primaryClass = "hep-ph",
	reportNumber = "CERN-TH-2016-215, LTH-1104, OUTP-16-23P",
	doi = "10.1007/JHEP07(2017)083",
	journal = "JHEP",
	volume = "07",
	pages = "083",
	year = "2017"
}
@article{Degrassi:2016wml,
	author = "Degrassi, Giuseppe and Giardino, Pier Paolo and Maltoni, Fabio and Pagani, Davide",
	title = "{Probing the Higgs self coupling via single Higgs production at the LHC}",
	eprint = "1607.04251",
	archivePrefix = "arXiv",
	primaryClass = "hep-ph",
	reportNumber = "CP3-16-38, RM3-TH-16-8",
	doi = "10.1007/JHEP12(2016)080",
	journal = "JHEP",
	volume = "12",
	pages = "080",
	year = "2016"
}
@article{Degrassi:2021uik,
	author = "Degrassi, Giuseppe and Di Micco, Biagio and Giardino, Pier Paolo and Rossi, Eleonora",
	title = "{Higgs boson self-coupling constraints from single Higgs, double Higgs and Electroweak measurements}",
	eprint = "2102.07651",
	archivePrefix = "arXiv",
	primaryClass = "hep-ph",
	month = "2",
	year = "2021"
}
@article{Maltoni:2017ims,
	author = "Maltoni, Fabio and Pagani, Davide and Shivaji, Ambresh and Zhao, Xiaoran",
	title = "{Trilinear Higgs coupling determination via single-Higgs differential measurements at the LHC}",
	eprint = "1709.08649",
	archivePrefix = "arXiv",
	primaryClass = "hep-ph",
	reportNumber = "CP3-17-37, TUM-HEP-1099-17, MCNET-17-18",
	doi = "10.1140/epjc/s10052-017-5410-8",
	journal = "Eur. Phys. J. C",
	volume = "77",
	number = "12",
	pages = "887",
	year = "2017"
}
@article{DiVita:2017eyz,
	author = "Di Vita, Stefano and Grojean, Christophe and Panico, Giuliano and Riembau, Marc and Vantalon, Thibaud",
	title = "{A global view on the Higgs self-coupling}",
	eprint = "1704.01953",
	archivePrefix = "arXiv",
	primaryClass = "hep-ph",
	reportNumber = "DESY-17-044",
	doi = "10.1007/JHEP09(2017)069",
	journal = "JHEP",
	volume = "09",
	pages = "069",
	year = "2017"
}

@article{Alves:2017ued,
    author = "Alves, Alexandre and Ghosh, Tathagata and Sinha, Kuver",
    title = "{Can We Discover Double Higgs Production at the LHC?}",
    eprint = "1704.07395",
    archivePrefix = "arXiv",
    primaryClass = "hep-ph",
    reportNumber = "OSU-HEP-17-01",
    doi = "10.1103/PhysRevD.96.035022",
    journal = "Phys. Rev. D",
    volume = "96",
    number = "3",
    pages = "035022",
    year = "2017"
}

@article{LHCb:2021ykz,
    author = "Aaij, Roel and others",
    collaboration = "LHCb",
    title = "{Observation of the Mass Difference Between Neutral Charm-Meson Eigenstates}",
    eprint = "2106.03744",
    archivePrefix = "arXiv",
    primaryClass = "hep-ex",
    reportNumber = "LHCb-PAPER-2021-009, CERN-EP-2021-099",
    doi = "10.1103/PhysRevLett.127.111801",
    journal = "Phys. Rev. Lett.",
    volume = "127",
    number = "11",
    pages = "111801",
    year = "2021"
}

@article{ATLAS:2019pbo,
      title         = "{Constraints on the Higgs boson self-coupling from the
                       combination of single-Higgs and double-Higgs production
                       analyses performed with the ATLAS experiment}",
      institution   = "CERN",
      collaboration = "ATLAS",
      address       = "Geneva",
      cdsEntry      = "ATLAS-CONF-2019-049",
      month         = "Oct",
      year          = "2019",
      cdsLink       = "https://cds.cern.ch/record/2693958",

}

@article{CMS:2018rig,
      title         = "{Constraints on the Higgs boson self-coupling from ttH+tH,
                       H to gamma gamma differential measurements at the HL-LHC}",
      institution   = "CERN",
      collaboration = "CMS",
      address       = "Geneva",
      cdsEntry  = "CMS-PAS-FTR-18-020",
      year          = "2018",
      cdsLink       = "https://cds.cern.ch/record/2647986"
}
%%%%%%%%%%%%%%%%%%%
@article{Bodwin:2013gca,
	author = "Bodwin, Geoffrey T. and Petriello, Frank and Stoynev, Stoyan and Velasco, Mayda",
	title = "{Higgs boson decays to quarkonia and the $H\bar{c}c$  coupling}",
	eprint = "1306.5770",
	archivePrefix = "arXiv",
	primaryClass = "hep-ph",
	doi = "10.1103/PhysRevD.88.053003",
	journal = "Phys. Rev. D",
	volume = "88",
	number = "5",
	pages = "053003",
	year = "2013"
}
@article{Kagan:2014ila,
	author = "Kagan, Alexander L. and Perez, Gilad and Petriello, Frank and Soreq, Yotam and Stoynev, Stoyan and Zupan, Jure",
	title = "{Exclusive Window onto Higgs Yukawa Couplings}",
	eprint = "1406.1722",
	archivePrefix = "arXiv",
	primaryClass = "hep-ph",
	doi = "10.1103/PhysRevLett.114.101802",
	journal = "Phys. Rev. Lett.",
	volume = "114",
	number = "10",
	pages = "101802",
	year = "2015"
}
@article{Konig:2015qat,
	author = {K\"onig, Matthias and Neubert, Matthias},
	title = "{Exclusive Radiative Higgs Decays as Probes of Light-Quark Yukawa Couplings}",
	eprint = "1505.03870",
	archivePrefix = "arXiv",
	primaryClass = "hep-ph",
	reportNumber = "MITP-15-031",
	doi = "10.1007/JHEP08(2015)012",
	journal = "JHEP",
	volume = "08",
	pages = "012",
	year = "2015"
}
@article{Yu:2017vul,
	author = "Yu, Felix",
	editor = "Ricciardi, Giulia and De Nardo, Guglielmo and Merola, Mario and Sciacca, Crisostomo",
	title = "{Light Quark Yukawa Couplings and the $W^\pm h$ Charge Asymmetry}",
	doi = "10.1016/j.nuclphysbps.2017.03.022",
	journal = "Nucl. Part. Phys. Proc.",
	volume = "285-286",
	pages = "123--125",
	year = "2017"
}
@article{Aguilar-Saavedra:2020rgo,
	author = "Aguilar-Saavedra, J. A. and Cano, J. M. and No, J. M.",
	title = "{More light on Higgs flavor at the LHC: Higgs boson couplings to light quarks through $h+\gamma$ production}",
	eprint = "2008.12538",
	archivePrefix = "arXiv",
	primaryClass = "hep-ph",
	reportNumber = "IFT-UAM-CSIC-20-124, FTUAM-20-17",
	doi = "10.1103/PhysRevD.103.095023",
	journal = "Phys. Rev. D",
	volume = "103",
	number = "9",
	pages = "095023",
	year = "2021"
}

@misc{charmcpv,
    author = "Angelo Carbone",
    title = "{$D^0$ oscillation and CP Violation in charm decays and at LHCb}",
    year = 2021,
    note = {\url{https://cds.cern.ch/record/2772281/files/Charm2020_carbone\%2004.06.pdf}, talk at Charm2020}
}

@article{Falkowski:2020znk,
	author = "Falkowski, Adam and Ganguly, Sanmay and Gras, Phillippe and No, Jose Miguel and Tobioka, Kohsaku and Vignaroli, Natascia and You, Tevong",
	title = "{Light quark Yukawas in triboson final states}",
	eprint = "2011.09551",
	archivePrefix = "arXiv",
	primaryClass = "hep-ph",
	reportNumber = "CERN-TH-2020-191; IFT-UAM/CSIC-20-158; FTUAM-20-25; KEK-TH-2276;",
	doi = "10.1007/JHEP04(2021)023",
	journal = "JHEP",
	volume = "04",
	pages = "023",
	year = "2021"
}

@article{Sciandra:2688061,
    author        = "Sciandra, Andrea",
	title         = "{Measurement of Triboson Production and aQGCs with the ATLAS detector}",
	institution   = "CERN",
	collaboration = "ATLAS",
	address       = "Geneva",
	cdsEntry      = "ATL-PHYS-SLIDE-2019-586",
	year          = "2019",
	cdsLink       = "https://cds.cern.ch/record/2688061",
}


@article{CMS-PAS-SMP-19-014,
	title         = "{Observation of heavy triboson production in leptonic
	final states in proton-proton collisions at
	$\sqrt{s}=13~\mathrm{TeV}$}",
	institution   = "CERN",
	collaboration = "CMS",
	address       = "Geneva",
	cdsEntry      = "CMS-PAS-SMP-19-014",
	year          = "2020",
	cdsLink       = "https://cds.cern.ch/record/2714899",
}

@article{Perez:2015lra,
	author = "Perez, Gilad and Soreq, Yotam and Stamou, Emmanuel and Tobioka, Kohsaku",
	title = "{Prospects for measuring the Higgs boson coupling to light quarks}",
	eprint = "1505.06689",
	archivePrefix = "arXiv",
	primaryClass = "hep-ph",
	doi = "10.1103/PhysRevD.93.013001",
	journal = "Phys. Rev. D",
	volume = "93",
	number = "1",
	pages = "013001",
	year = "2016"
}
@article{ATLAS-CONF-2021-021,
	title         = "{Direct constraint on the Higgs-charm coupling from a
	search for Higgs boson decays to charm quarks with the
	ATLAS detector}",
	institution   = "CERN",
	collaboration = "ATLAS",
	address       = "Geneva",
	cdsEntry  = "ATLAS-CONF-2021-021",
	month         = "Jun",
	year          = "2021",
	cdsLink           = "https://cds.cern.ch/record/2771724",
}
@article{CMS:2018gcm,
	author = "Sirunyan, Albert M and others",
	collaboration = "CMS",
	title = "{Search for rare decays of Z and Higgs bosons to J$/\psi$ and a photon in proton-proton collisions at $\sqrt{s} =$ 13 TeV}",
	eprint = "1810.10056",
	archivePrefix = "arXiv",
	primaryClass = "hep-ex",
	reportNumber = "CMS-SMP-17-012, CERN-EP-2018-250",
	doi = "10.1140/epjc/s10052-019-6562-5",
	journal = "Eur. Phys. J. C",
	volume = "79",
	number = "2",
	pages = "94",
	year = "2019"
}
@article{Contino:2012xk,
	author = "Contino, Roberto and Ghezzi, Margherita and Moretti, Mauro and Panico, Giuliano and Piccinini, Fulvio and Wulzer, Andrea",
	title = "{Anomalous Couplings in Double Higgs Production}",
	eprint = "1205.5444",
	archivePrefix = "arXiv",
	primaryClass = "hep-ph",
	doi = "10.1007/JHEP08(2012)154",
	journal = "JHEP",
	volume = "08",
	pages = "154",
	year = "2012"
}
@article{Binoth:2006ym,
	author = "Binoth, T. and Karg, S. and Kauer, N. and Ruckl, R.",
	title = "{Multi-Higgs boson production in the Standard Model and beyond}",
	eprint = "hep-ph/0608057",
	archivePrefix = "arXiv",
	reportNumber = "EDINBURGH-2006-15",
	doi = "10.1103/PhysRevD.74.113008",
	journal = "Phys. Rev. D",
	volume = "74",
	pages = "113008",
	year = "2006"
}

@article{Bauer:2017cov,
	author = "Bauer, Martin and Carena, Marcela and Carmona, Adri\'an",
	title = "{Higgs Pair Production as a Signal of Enhanced Yukawa Couplings}",
	eprint = "1801.00363",
	archivePrefix = "arXiv",
	primaryClass = "hep-ph",
	reportNumber = "FERMILAB-PUB-17-613-T, MITP-17-106",
	doi = "10.1103/PhysRevLett.121.021801",
	journal = "Phys. Rev. Lett.",
	volume = "121",
	number = "2",
	pages = "021801",
	year = "2018"
}
@article{Chang:2018uwu,
	author = "Chang, Jung and Cheung, Kingman and Lee, Jae Sik and Lu, Chih-Ting and Park, Jubin",
	title = "{Higgs-boson-pair production H(\textrightarrow{}bb\textasciimacron{})H(\textrightarrow{}\ensuremath{\gamma}\ensuremath{\gamma}) from gluon fusion at the HL-LHC and HL-100 TeV hadron collider}",
	eprint = "1804.07130",
	archivePrefix = "arXiv",
	primaryClass = "hep-ph",
	reportNumber = "IUEP-HEP-18-02",
	doi = "10.1103/PhysRevD.100.096001",
	journal = "Phys. Rev. D",
	volume = "100",
	number = "9",
	pages = "096001",
	year = "2019"
}

@article{Papaefstathiou:2047255,
	author        = "Papaefstathiou, Andreas and Sakurai, Kazuki",
	title         = "{Triple Higgs boson production at a 100 TeV proton-proton
	collider}",
	journal       = "JHEP",
	archivePrefix = "arXiv",
	eprint        = "1508.06524",
	reportNumber  = "CERN-PH-TH-2015-205, CERN-PH-TH-2015-205",
	volume        = "02",
	pages         = "006. 10 p",
	month         = "Aug",
	year          = "2015",
	url           = "https://cds.cern.ch/record/2047255",
	note          = "Corrected version of Figure 6",
	doi           = "10.1007/JHEP02(2016)006",
}
@article{Delaunay:2016brc,
	author = "Delaunay, C\'edric and Ozeri, Roee and Perez, Gilad and Soreq, Yotam",
	title = "{Probing Atomic Higgs-like Forces at the Precision Frontier}",
	eprint = "1601.05087",
	archivePrefix = "arXiv",
	primaryClass = "hep-ph",
	doi = "10.1103/PhysRevD.96.093001",
	journal = "Phys. Rev. D",
	volume = "96",
	number = "9",
	pages = "093001",
	year = "2017"
}

@article{Heinrich:2017kxx,
	author = "Heinrich, G. and Jones, S. P. and Kerner, M. and Luisoni, G. and Vryonidou, E.",
	title = "{NLO predictions for Higgs boson pair production with full top quark mass dependence matched to parton showers}",
	eprint = "1703.09252",
	archivePrefix = "arXiv",
	primaryClass = "hep-ph",
	reportNumber = "CERN-TH-2017-069, MPP-2017-41, NIKHEF-2017-020",
	doi = "10.1007/JHEP08(2017)088",
	journal = "JHEP",
	volume = "08",
	pages = "088",
	year = "2017"
}
@article{Heinrich:2019bkc,
	author = "Heinrich, G. and Jones, S. P. and Kerner, M. and Luisoni, G. and Scyboz, L.",
	title = "{Probing the trilinear Higgs boson coupling in di-Higgs production at NLO QCD including parton shower effects}",
	eprint = "1903.08137",
	archivePrefix = "arXiv",
	primaryClass = "hep-ph",
	reportNumber = "CERN-TH-2019-028, MPP-2019-50, ZU-TH-09/19",
	doi = "10.1007/JHEP06(2019)066",
	journal = "JHEP",
	volume = "06",
	pages = "066",
	year = "2019"
}
@article{Heinrich:2020ckp,
	author = "Heinrich, Gudrun and Jones, Stephen P. and Kerner, Matthias and Scyboz, Ludovic",
	title = "{A non-linear EFT description of $gg\to HH$ at NLO interfaced to POWHEG}",
	eprint = "2006.16877",
	archivePrefix = "arXiv",
	primaryClass = "hep-ph",
	reportNumber = "CERN-TH-2020-106, KA-TP-04-2020, OUTP-20-06P, P3H-20-026,
	ZU-TH-21/20, P3H-20-026, ZU-TH-21/20",
	doi = "10.1007/JHEP10(2020)021",
	journal = "JHEP",
	volume = "10",
	pages = "021",
	year = "2020"
}

@article{Alloul:2013bka,
	author = "Alloul, Adam and Christensen, Neil D. and Degrande, C\'eline and Duhr, Claude and Fuks, Benjamin",
	title = "{FeynRules  2.0 - A complete toolbox for tree-level phenomenology}",
	eprint = "1310.1921",
	archivePrefix = "arXiv",
	primaryClass = "hep-ph",
	reportNumber = "CERN-PH-TH-2013-239, MCNET-13-14, IPPP-13-71, DCPT-13-142, PITT-PACC-1308",
	doi = "10.1016/j.cpc.2014.04.012",
	journal = "Comput. Phys. Commun.",
	volume = "185",
	pages = "2250--2300",
	year = "2014"
}
@article{UTfit:2007eik,
	author = "Bona, M. and others",
	collaboration = "UTfit",
	title = "{Model-independent constraints on $\Delta F=2$ operators and the scale of new physics}",
	eprint = "0707.0636",
	archivePrefix = "arXiv",
	primaryClass = "hep-ph",
	doi = "10.1088/1126-6708/2008/03/049",
	journal = "JHEP",
	volume = "03",
	pages = "049",
	year = "2008"
}
@article{Nir:1993mx,
	author = "Nir, Yosef and Seiberg, Nathan",
	title = "{Should squarks be degenerate?}",
	eprint = "hep-ph/9304307",
	archivePrefix = "arXiv",
	reportNumber = "RU-93-16, WIS-93-37-PH",
	doi = "10.1016/0370-2693(93)90942-B",
	journal = "Phys. Lett. B",
	volume = "309",
	pages = "337--343",
	year = "1993"
}
@article{Leurer:1993gy,
	author = "Leurer, Miriam and Nir, Yosef and Seiberg, Nathan",
	title = "{Mass matrix models: The Sequel}",
	eprint = "hep-ph/9310320",
	archivePrefix = "arXiv",
	reportNumber = "RU-93-43, WIS-93-93-PH",
	doi = "10.1016/0550-3213(94)90074-4",
	journal = "Nucl. Phys. B",
	volume = "420",
	pages = "468--504",
	year = "1994"
}
@article{Branco:1996bq,
	author = "Branco, G. C. and Grimus, W. and Lavoura, L.",
	title = "{Relating the scalar flavor changing neutral couplings to the CKM matrix}",
	eprint = "hep-ph/9601383",
	archivePrefix = "arXiv",
	reportNumber = "FISIST-1-96-CFIF",
	doi = "10.1016/0370-2693(96)00494-7",
	journal = "Phys. Lett. B",
	volume = "380",
	pages = "119--126",
	year = "1996"
}
@article{Penuelas:2017ikk,
	author = "Pe\~nuelas, Ana and Pich, Antonio",
	title = "{Flavour alignment in multi-Higgs-doublet models}",
	eprint = "1710.02040",
	archivePrefix = "arXiv",
	primaryClass = "hep-ph",
	reportNumber = "IFIC-17-32, FTUV-17-1005",
	doi = "10.1007/JHEP12(2017)084",
	journal = "JHEP",
	volume = "12",
	pages = "084",
	year = "2017"
}
@article{Egana-Ugrinovic:2021uew,
	author = "Egana-Ugrinovic, Daniel and Homiller, Samuel and Meade, Patrick",
	title = "{Multi-Higgs Production Probes Higgs Flavor}",
	eprint = "2101.04119",
	archivePrefix = "arXiv",
	primaryClass = "hep-ph",
	reportNumber = "YITP-SB-21-1",
	doi = "10.1103/PhysRevD.103.115005",
	journal = "Phys. Rev. D",
	volume = "103",
	pages = "115005",
	year = "2021"
}

@article{Grojean:2020ech,
    author = "Grojean, Christophe and Paul, Ayan and Qian, Zhuoni",
    title = "{Resurrecting $ b\overline{b}h $ with kinematic shapes}",
    eprint = "2011.13945",
    archivePrefix = "arXiv",
    primaryClass = "hep-ph",
    reportNumber = "DESY-20-175, HU-EP-20/28",
    doi = "10.1007/JHEP04(2021)139",
    journal = "JHEP",
    volume = "04",
    pages = "139",
    year = "2021"
}

@article{LHCHiggsCrossSectionWorkingGroup:2016ypw,
    author = "de Florian, D. and others",
    collaboration = "LHC Higgs Cross Section Working Group",
    title = "{Handbook of LHC Higgs Cross Sections: 4. Deciphering the Nature of the Higgs Sector}",
    eprint = "1610.07922",
    archivePrefix = "arXiv",
    primaryClass = "hep-ph",
    reportNumber = "CERN-2017-002-M, CERN-2017-002",
    doi = "10.23731/CYRM-2017-002",
    volume = "2/2017",
    month = "10",
    year = "2016"
}

@article{Alvestad:2021sje,
    author = {Alvestad, Daniel and Fomin, Nikolai and Kersten, J\"orn and Maeland, Steffen and Str\"umke, Inga},
    title = "{Beyond Cuts in Small Signal Scenarios - Enhanced Sneutrino Detectability Using Machine Learning}",
    eprint = "2108.03125",
    archivePrefix = "arXiv",
    primaryClass = "hep-ph",
    month = "8",
    year = "2021"
}
%%% HDECAY

@article{Djouadi:1997yw,
      author         = "Djouadi, A. and Kalinowski, J. and Spira, M.",
      title          = "{HDECAY: A Program for Higgs boson decays in the standard
                        model and its supersymmetric extension}",
      journal        = "Comput. Phys. Commun.",
      volume         = "108",
      year           = "1998",
      pages          = "56-74",
      doi            = "10.1016/S0010-4655(97)00123-9",
      eprint         = "hep-ph/9704448",
      archivePrefix  = "arXiv",
      primaryClass   = "hep-ph",
      reportNumber   = "DESY-97-079, IFT-96-29, PM-97-04",
      SLACcitation   = "%%CITATION = HEP-PH/9704448;%%"
}
@article{Djouadi:2018xqq,
      author         = "Djouadi, Abdelhak and Kalinowski, Jan and Muehlleitner,
                        Margarete and Spira, Michael",
      title          = "{HDECAY: Twenty$_{++}$ years after}",
      journal        = "Comput. Phys. Commun.",
      volume         = "238",
      year           = "2019",
      pages          = "214-231",
      doi            = "10.1016/j.cpc.2018.12.010",
      eprint         = "1801.09506",
      archivePrefix  = "arXiv",
      primaryClass   = "hep-ph",
      reportNumber   = "LPT-ORSAY-18-04, CERN-TH-2017-262, LPT-Orsay-18-04,
                        KA-TP-03-2018, PSI-PR-18-02",
      SLACcitation   = "%%CITATION = ARXIV:1801.09506;%%"
}

@article{Alonso-Gonzalez:2021tpo,
    author = "Alonso-Gonzalez, J. and de Giorgi, A. and Merlo, L. and Pokorski, S.",
    title = "{Searching for BSM Physics in Yukawa Couplings and Flavour Symmetries}",
    eprint = "2109.07490",
    archivePrefix = "arXiv",
    primaryClass = "hep-ph",
    reportNumber = "FTUAM-21-3, IFT-UAM/CSIC-21-94",
    month = "9",
    year = "2021"
}
@article{ATLAS-CONF-2021-016,
      title         = "{Search for Higgs boson pair production in the two bottom
                       quarks plus two photons final state in $pp$ collisions at
                       $\sqrt{s}=13$ TeV with the ATLAS detector}",
      institution   = "CERN",
      collaboration = "ATLAS Collaboration",
      address       = "Geneva",
      cdsEntry  = "ATLAS-CONF-2021-016",
      month         = "Mar",
      year          = "2021",
      cdsLink           = "https://cds.cern.ch/record/2759683"
}
@article{ATLAS:2018rvj,
    collaboration = "ATLAS",
    title = "{Measurement prospects of the pair production and self-coupling of the Higgs boson with the ATLAS experiment at the HL-LHC}",
    reportNumber = "ATL-PHYS-PUB-2018-053",
    year = "2018"
}

@article{ATL-PHYS-PUB-2018-053,
      title         = "{Measurement prospects of the pair production and
                       self-coupling of the Higgs boson with the ATLAS experiment
                       at the HL-LHC}",
      institution   = "CERN",
      collaboration = "ATLAS Collaboration",
      address       = "Geneva",
      month         = "Dec",
      year          = "2018",
      cdsEntry  = "ATL-PHYS-PUB-2018-053",
      cdsLink           = "https://cds.cern.ch/record/2652727",
}
@article{Dicus:1998hs,
    author = "Dicus, D. and Stelzer, T. and Sullivan, Z. and Willenbrock, S.",
    title = "{Higgs boson production in association with bottom quarks at next-to-leading order}",
    eprint = "hep-ph/9811492",
    archivePrefix = "arXiv",
    reportNumber = "DOE-ER-40757-121, UTEXAS-HEP-98-23, ILL-TH-98-5, ANL-HEP-PR-98-138, EFI-98-57",
    doi = "10.1103/PhysRevD.59.094016",
    journal = "Phys. Rev. D",
    volume = "59",
    pages = "094016",
    year = "1999"
}@article{Balazs:1998sb,
    author = "Balazs, Csaba and He, Hong-Jian and Yuan, C. P.",
    title = "{QCD corrections to scalar production via heavy quark fusion at hadron colliders}",
    eprint = "hep-ph/9812263",
    archivePrefix = "arXiv",
    reportNumber = "MSUHEP-81010A",
    doi = "10.1103/PhysRevD.60.114001",
    journal = "Phys. Rev. D",
    volume = "60",
    pages = "114001",
    year = "1999"
}
@article{Baglio:2020wgt,
    author = {Baglio, J. and Campanario, F. and Glaus, S. and M\"uhlleitner, M. and Ronca, J. and Spira, M.},
    title = "{$gg\to HH$ : Combined uncertainties}",
    eprint = "2008.11626",
    archivePrefix = "arXiv",
    primaryClass = "hep-ph",
    reportNumber = "CERN-TH-2020-139, IFIC/20-42, FTUV-20-0823, KA-TP-11-2020,
  PSI-PR-20-13, KA-TP-11-2020, PSI-PR-20-13",
    doi = "10.1103/PhysRevD.103.056002",
    journal = "Phys. Rev. D",
    volume = "103",
    number = "5",
    pages = "056002",
    year = "2021"
}
@article{Grazzini:2018bsd,
    author = "Grazzini, Massimiliano and Heinrich, Gudrun and Jones, Stephen and Kallweit, Stefan and Kerner, Matthias and Lindert, Jonas M. and Mazzitelli, Javier",
    title = "{Higgs boson pair production at NNLO with top quark mass effects}",
    eprint = "1803.02463",
    archivePrefix = "arXiv",
    primaryClass = "hep-ph",
    reportNumber = "CERN-TH-2018-044, IPPP/18/15, MPP-2018-30, ZU-TH 10/18, IPPP-18-15, ZU-TH-10-18",
    doi = "10.1007/JHEP05(2018)059",
    journal = "JHEP",
    volume = "05",
    pages = "059",
    year = "2018"
}
@article{Ajjath:2018ifl,
    author = "Ajjath, A. H. and Banerjee, Pulak and Chakraborty, Amlan and Dhani, Prasanna K. and Mukherjee, Pooja and Rana, Narayan and Ravindran, V.",
    title = "{Higgs pair production from bottom quark annihilation to NNLO in QCD}",
    eprint = "1811.01853",
    archivePrefix = "arXiv",
    primaryClass = "hep-ph",
    reportNumber = "IMSc/2018/11/09, DESY-18-166, TIF-UNIMI-2018-9",
    doi = "10.1007/JHEP05(2019)030",
    journal = "JHEP",
    volume = "05",
    pages = "030",
    year = "2019"
}



@article{Alwall:2014hca,
    author = "Alwall, J. and Frederix, R. and Frixione, S. and Hirschi, V. and Maltoni, F. and Mattelaer, O. and Shao, H. -S. and Stelzer, T. and Torrielli, P. and Zaro, M.",
    title = "{The automated computation of tree-level and next-to-leading order differential cross sections, and their matching to parton shower simulations}",
    eprint = "1405.0301",
    archivePrefix = "arXiv",
    primaryClass = "hep-ph",
    reportNumber = "CERN-PH-TH-2014-064, CP3-14-18, LPN14-066, MCNET-14-09, ZU-TH-14-14",
    doi = "10.1007/JHEP07(2014)079",
    journal = "JHEP",
    volume = "07",
    pages = "079",
    year = "2014"
}

%%%% HH at NLO reference
@article{Dawson:1998py,
    author = "Dawson, S. and Dittmaier, S. and Spira, M.",
    title = "{Neutral Higgs boson pair production at hadron colliders: QCD corrections}",
    eprint = "hep-ph/9805244",
    archivePrefix = "arXiv",
    reportNumber = "DESY-98-028, BNL-HET-98-15, CERN-TH-98-135",
    doi = "10.1103/PhysRevD.58.115012",
    journal = "Phys. Rev. D",
    volume = "58",
    pages = "115012",
    year = "1998"
}
@article{Borowka:2016ehy,
    author = "Borowka, S. and Greiner, N. and Heinrich, G. and Jones, S. P. and Kerner, M. and Schlenk, J. and Schubert, U. and Zirke, T.",
    title = "{Higgs Boson Pair Production in Gluon Fusion at Next-to-Leading Order with Full Top-Quark Mass Dependence}",
    eprint = "1604.06447",
    archivePrefix = "arXiv",
    primaryClass = "hep-ph",
    reportNumber = "MPP-2016-80, NSF-KITP-16-040, ZH-TH-14-16",
    doi = "10.1103/PhysRevLett.117.079901",
    journal = "Phys. Rev. Lett.",
    volume = "117",
    number = "1",
    pages = "012001",
    year = "2016",
    note = "[Erratum: Phys.Rev.Lett. 117, 079901 (2016)]"
}
@article{Borowka:2016ypz,
    author = "Borowka, S. and Greiner, N. and Heinrich, G. and Jones, S. P. and Kerner, M. and Schlenk, J. and Zirke, T.",
    title = "{Full top quark mass dependence in Higgs boson pair production at NLO}",
    eprint = "1608.04798",
    archivePrefix = "arXiv",
    primaryClass = "hep-ph",
    reportNumber = "MPP-2016-261, ZU-TH-31-16",
    doi = "10.1007/JHEP10(2016)107",
    journal = "JHEP",
    volume = "10",
    pages = "107",
    year = "2016"
}
@article{Baglio:2018lrj,
    author = {Baglio, Julien and Campanario, Francisco and Glaus, Seraina and M\"uhlleitner, Margarete and Spira, Michael and Streicher, Juraj},
    title = "{Gluon fusion into Higgs pairs at NLO QCD and the top mass scheme}",
    eprint = "1811.05692",
    archivePrefix = "arXiv",
    primaryClass = "hep-ph",
    reportNumber = "FTUV-18-1113, IFIC/18-55, KA-TP-32-2018, PSI-PR-18-14",
    doi = "10.1140/epjc/s10052-019-6973-3",
    journal = "Eur. Phys. J. C",
    volume = "79",
    number = "6",
    pages = "459",
    year = "2019"
}

@article{Shao:2013bz,
    author = "Shao, Ding Yu and Li, Chong Sheng and Li, Hai Tao and Wang, Jian",
    title = "{Threshold resummation effects in Higgs boson pair production at the LHC}",
    eprint = "1301.1245",
    archivePrefix = "arXiv",
    primaryClass = "hep-ph",
    doi = "10.1007/JHEP07(2013)169",
    journal = "JHEP",
    volume = "07",
    pages = "169",
    year = "2013"
}

@article{Maltoni:2014eza,
    author = "Maltoni, F. and Vryonidou, E. and Zaro, M.",
    title = "{Top-quark mass effects in double and triple Higgs production in gluon-gluon fusion at NLO}",
    eprint = "1408.6542",
    archivePrefix = "arXiv",
    primaryClass = "hep-ph",
    reportNumber = "CP3-14-61, MCNET-14-18, LPN14-105",
    doi = "10.1007/JHEP11(2014)079",
    journal = "JHEP",
    volume = "11",
    pages = "079",
    year = "2014"
}
@article{Bonciani:2018omm,
    author = {Bonciani, Roberto and Degrassi, Giuseppe and Giardino, Pier Paolo and Gr\"ober, Ramona},
    title = "{Analytical Method for Next-to-Leading-Order QCD Corrections to Double-Higgs Production}",
    eprint = "1806.11564",
    archivePrefix = "arXiv",
    primaryClass = "hep-ph",
    doi = "10.1103/PhysRevLett.121.162003",
    journal = "Phys. Rev. Lett.",
    volume = "121",
    number = "16",
    pages = "162003",
    year = "2018"
}
@article{Jones:2017giv,
    author = "Jones, Stephen and Kuttimalai, Silvan",
    title = "{Parton Shower and NLO-Matching uncertainties in Higgs Boson Pair Production}",
    eprint = "1711.03319",
    archivePrefix = "arXiv",
    primaryClass = "hep-ph",
    doi = "10.1007/JHEP02(2018)176",
    journal = "JHEP",
    volume = "02",
    pages = "176",
    year = "2018"
}
%beyond NLO
@article{deFlorian:2013jea,
    author = "de Florian, Daniel and Mazzitelli, Javier",
    title = "{Higgs Boson Pair Production at Next-to-Next-to-Leading Order in QCD}",
    eprint = "1309.6594",
    archivePrefix = "arXiv",
    primaryClass = "hep-ph",
    doi = "10.1103/PhysRevLett.111.201801",
    journal = "Phys. Rev. Lett.",
    volume = "111",
    pages = "201801",
    year = "2013"
}
@article{deFlorian:2015moa,
    author = "de Florian, Daniel and Mazzitelli, Javier",
    title = "{Higgs pair production at next-to-next-to-leading logarithmic accuracy at the LHC}",
    eprint = "1505.07122",
    archivePrefix = "arXiv",
    primaryClass = "hep-ph",
    doi = "10.1007/JHEP09(2015)053",
    journal = "JHEP",
    volume = "09",
    pages = "053",
    year = "2015"
}


@article{deFlorian:2013uza,
    author = "de Florian, Daniel and Mazzitelli, Javier",
    title = "{Two-loop virtual corrections to Higgs pair production}",
    eprint = "1305.5206",
    archivePrefix = "arXiv",
    primaryClass = "hep-ph",
    doi = "10.1016/j.physletb.2013.06.046",
    journal = "Phys. Lett. B",
    volume = "724",
    pages = "306--309",
    year = "2013"
}
@article{Grigo:2014jma,
    author = "Grigo, Jonathan and Melnikov, Kirill and Steinhauser, Matthias",
    title = "{Virtual corrections to Higgs boson pair production in the large top quark mass limit}",
    eprint = "1408.2422",
    archivePrefix = "arXiv",
    primaryClass = "hep-ph",
    reportNumber = "TTP14-024, LPN14-101",
    doi = "10.1016/j.nuclphysb.2014.09.003",
    journal = "Nucl. Phys. B",
    volume = "888",
    pages = "17--29",
    year = "2014"
}
@article{deFlorian:2016uhr,
    author = {de Florian, Daniel and Grazzini, Massimiliano and Hanga, Catalin and Kallweit, Stefan and Lindert, Jonas M. and Maierh\"ofer, Philipp and Mazzitelli, Javier and Rathlev, Dirk},
    title = "{Differential Higgs Boson Pair Production at Next-to-Next-to-Leading Order in QCD}",
    eprint = "1606.09519",
    archivePrefix = "arXiv",
    primaryClass = "hep-ph",
    reportNumber = "DESY-16-107, FR-PHENO-2016-007, ICAS-08-16, MITP-16-061, ZU-TH-20-16",
    doi = "10.1007/JHEP09(2016)151",
    journal = "JHEP",
    volume = "09",
    pages = "151",
    year = "2016"
}
%%% EFT
@article{Buchalla:2018yce,
    author = "Buchalla, G. and Capozi, M. and Celis, A. and Heinrich, G. and Scyboz, L.",
    title = "{Higgs boson pair production in non-linear Effective Field Theory with full $m_t$-dependence at NLO QCD}",
    eprint = "1806.05162",
    archivePrefix = "arXiv",
    primaryClass = "hep-ph",
    reportNumber = "LMU-ASC 34/18, MPP-2018-127, LMU-ASC-34-18",
    doi = "10.1007/JHEP09(2018)057",
    journal = "JHEP",
    volume = "09",
    pages = "057",
    year = "2018"
}
@article{Grober:2015cwa,
    author = "Grober, Ramona and Muhlleitner, Margarete and Spira, Michael and Streicher, Juraj",
    title = "{NLO QCD Corrections to Higgs Pair Production including Dimension-6 Operators}",
    eprint = "1504.06577",
    archivePrefix = "arXiv",
    primaryClass = "hep-ph",
    reportNumber = "KA-TP-08-2015, PSI-PR-15-03, RM3-TH-15-5",
    doi = "10.1007/JHEP09(2015)092",
    journal = "JHEP",
    volume = "09",
    pages = "092",
    year = "2015"
}
@article{Grober:2017gut,
    author = "Grober, R. and Muhlleitner, M. and Spira, M.",
    title = "{Higgs Pair Production at NLO QCD for CP-violating Higgs Sectors}",
    eprint = "1705.05314",
    archivePrefix = "arXiv",
    primaryClass = "hep-ph",
    doi = "10.1016/j.nuclphysb.2017.10.002",
    journal = "Nucl. Phys. B",
    volume = "925",
    pages = "1--27",
    year = "2017"
}
@article{deFlorian:2017qfk,
    author = "de Florian, Daniel and Fabre, Ignacio and Mazzitelli, Javier",
    title = "{Higgs boson pair production at NNLO in QCD including dimension 6 operators}",
    eprint = "1704.05700",
    archivePrefix = "arXiv",
    primaryClass = "hep-ph",
    reportNumber = "ICAS-28-17, ZU-TH-08-17",
    doi = "10.1007/JHEP10(2017)215",
    journal = "JHEP",
    volume = "10",
    pages = "215",
    year = "2017"
}
%%%
@article{Beenakker:2001rj,
    author = "Beenakker, W. and Dittmaier, S. and Kramer, M. and Plumper, B. and Spira, M. and Zerwas, P. M.",
    title = "{Higgs radiation off top quarks at the Tevatron and the LHC}",
    eprint = "hep-ph/0107081",
    archivePrefix = "arXiv",
    reportNumber = "DESY-01-077, EDINBURGH-2001-08, PSI-PR-01-10",
    doi = "10.1103/PhysRevLett.87.201805",
    journal = "Phys. Rev. Lett.",
    volume = "87",
    pages = "201805",
    year = "2001"
}
@article{Fah:2017wlf,
    author = {F\"ah, Daniel and Greiner, Nicolas},
    title = "{Diphoton production in association with two bottom jets}",
    eprint = "1706.08309",
    archivePrefix = "arXiv",
    primaryClass = "hep-ph",
    reportNumber = "ZU-TH-19-17",
    doi = "10.1140/epjc/s10052-017-5296-5",
    journal = "Eur. Phys. J. C",
    volume = "77",
    number = "11",
    pages = "750",
    year = "2017"
}
@article{Campanario:2014lza,
    author = "Campanario, Francisco and Roth, Robin and Zeppenfeld, Dieter",
    title = "{QCD radiation in $WH$ and $WZ$ production and anomalous coupling measurements}",
    eprint = "1410.4840",
    archivePrefix = "arXiv",
    primaryClass = "hep-ph",
    reportNumber = "FTUV-14-3008, IFIC-14-57, KA-TP-25-2014, LPN14-109, SFB-CPP-14-66",
    doi = "10.1103/PhysRevD.91.054039",
    journal = "Phys. Rev. D",
    volume = "91",
    pages = "054039",
    year = "2015"
}
@article{deFlorian:2021azd,
    author = "de Florian, Daniel and Fabre, Ignacio and Heinrich, Gudrun and Mazzitelli, Javier and Scyboz, Ludovic",
    title = "{Anomalous couplings in Higgs-boson pair production at approximate NNLO QCD}",
    eprint = "2106.14050",
    archivePrefix = "arXiv",
    primaryClass = "hep-ph",
    doi = "10.1007/JHEP09(2021)161",
    month = "6",
    year = "2021"
}
@article{Ethier:2021bye,
    author = "Ethier, Jacob J. and Magni, Giacomo and Maltoni, Fabio and Mantani, Luca and Nocera, Emanuele R. and Rojo, Juan and Slade, Emma and Vryonidou, Eleni and Zhang, Cen",
    collaboration = "SMEFiT",
    title = "{Combined SMEFT interpretation of Higgs, diboson, and top quark data from the LHC}",
    eprint = "2105.00006",
    archivePrefix = "arXiv",
    primaryClass = "hep-ph",
    reportNumber = "OUTP-20-05P, Nikhef-2020-020, CP3-21-12, MCNET-21-07,
  MAN/HEP/2021/004",
    doi = "10.1007/JHEP11(2021)089",
    journal = "JHEP",
    volume = "11",
    pages = "089",
    year = "2021"
}
@article{Chien:2015xha,
    author = "Chien, Y. T. and Cirigliano, V. and Dekens, W. and de Vries, J. and Mereghetti, E.",
    title = "{Direct and indirect constraints on CP-violating Higgs-quark and Higgs-gluon interactions}",
    eprint = "1510.00725",
    archivePrefix = "arXiv",
    primaryClass = "hep-ph",
    reportNumber = "LA-UR-15-27548",
    doi = "10.1007/JHEP02(2016)011",
    journal = "JHEP",
    volume = "02",
    pages = "011",
    year = "2016"
}
@article{ATLAS:2019nkf,
    author = "Aad, Georges and others",
    collaboration = "ATLAS",
    title = "{Combined measurements of Higgs boson production and decay using up to $80$ fb$^{-1}$ of proton-proton collision data at $\sqrt{s}=$ 13 TeV collected with the ATLAS experiment}",
    eprint = "1909.02845",
    archivePrefix = "arXiv",
    primaryClass = "hep-ex",
    reportNumber = "CERN-EP-2019-097",
    doi = "10.1103/PhysRevD.101.012002",
    journal = "Phys. Rev. D",
    volume = "101",
    number = "1",
    pages = "012002",
    year = "2020"
}
@article{CMS:2018uag,
    author = "Sirunyan, Albert M and others",
    collaboration = "CMS",
    title = "{Combined measurements of Higgs boson couplings in proton\textendash{}proton collisions at $\sqrt{s}=13\,\text {Te}\text {V} $}",
    eprint = "1809.10733",
    archivePrefix = "arXiv",
    primaryClass = "hep-ex",
    reportNumber = "CMS-HIG-17-031, CERN-EP-2018-263",
    doi = "10.1140/epjc/s10052-019-6909-y",
    journal = "Eur. Phys. J. C",
    volume = "79",
    number = "5",
    pages = "421",
    year = "2019"
}
@article{ATLAS:2022ers,
    author = "Aad, Georges and others",
    collaboration = "ATLAS",
    title = "{Direct constraint on the Higgs-charm coupling from a search for Higgs boson decays into charm quarks with the ATLAS detector}",
    eprint = "2201.11428",
    archivePrefix = "arXiv",
    primaryClass = "hep-ex",
    reportNumber = "CERN-EP-2021-251",
    month = "1",
    year = "2022"
}
@article{CMS:2022ley,
    author = "Tumasyan, Armen and others",
    collaboration = "CMS",
    title = "{First evidence for off-shell production of the Higgs boson and measurement of its width}",
    eprint = "2202.06923",
    archivePrefix = "arXiv",
    primaryClass = "hep-ex",
    reportNumber = "CMS-HIG-21-013, CERN-EP-2021-272",
    month = "2",
    year = "2022"
}
@techreport{ATLAS-CONF-2019-028,
      title         = "{A search for the dimuon decay of the Standard Model Higgs
                       boson in $pp$ collisions at $\sqrt{s} = 13$ TeV with the
                       ATLAS Detector}",
      institution   = "CERN",
      collaboration = "ATLAS Collaboration",
      address       = "Geneva",
      reportNumber  = "ATLAS-CONF-2019-028",
      month         = "Jul",
      year          = "2019",
      url           = "https://cds.cern.ch/record/2682155",
      note          = "All figures including auxiliary figures are available at
                       https://atlas.web.cern.ch/Atlas/GROUPS/PHYSICS/CONFNOTES/ATLAS-CONF-2019-028",
}
@article{CMS:2019hve,
    author = "Sirunyan, Albert M and others",
    collaboration = "CMS",
    title = "{A search for the standard model Higgs boson decaying to charm quarks}",
    eprint = "1912.01662",
    archivePrefix = "arXiv",
    primaryClass = "hep-ex",
    reportNumber = "CMS-HIG-18-031, CERN-EP-2019-257",
    doi = "10.1007/JHEP03(2020)131",
    journal = "JHEP",
    volume = "03",
    pages = "131",
    year = "2020"
}
@article{Alte:2016yuw,
    author = {Alte, Stefan and K\"onig, Matthias and Neubert, Matthias},
    title = "{Exclusive Weak Radiative Higgs Decays in the Standard Model and Beyond}",
    eprint = "1609.06310",
    archivePrefix = "arXiv",
    primaryClass = "hep-ph",
    reportNumber = "MITP-16-070",
    doi = "10.1007/JHEP12(2016)037",
    journal = "JHEP",
    volume = "12",
    pages = "037",
    year = "2016"
}
@article{ATLAS:2018xfc,
    author = "Aaboud, Morad and others",
    collaboration = "ATLAS",
    title = "{Searches for exclusive Higgs and $Z$ boson decays into $J/\psi\gamma$, $\psi(2S)\gamma$, and $\Upsilon(nS)\gamma$ at $\sqrt{s}=13$ TeV with the ATLAS detector}",
    eprint = "1807.00802",
    archivePrefix = "arXiv",
    primaryClass = "hep-ex",
    reportNumber = "CERN-EP-2018-154",
    doi = "10.1016/j.physletb.2018.09.024",
    journal = "Phys. Lett. B",
    volume = "786",
    pages = "134--155",
    year = "2018"
}
@techreport{CMS:2022njd,
      title         = "{Search for Higgs boson decays into $Z$ and $J/\psi$ and
                       for Higgs and $Z$ boson decays into $J/\psi$ or $\Upsilon$
                       pairs at CMS}",
      institution   = "CERN",
      collaboration = "CMS Collaboration",
      address       = "Geneva",
      reportNumber  = "CMS-PAS-HIG-20-008",
      year          = "2022",
      url           = "https://cds.cern.ch/record/2799200",
}

@article{Baglio:2012np,
    author = {Baglio, J. and Djouadi, A. and Gr\"ober, R. and M\"uhlleitner, M. M. and Quevillon, J. and Spira, M.},
    title = "{The measurement of the Higgs self-coupling at the LHC: theoretical status}",
    eprint = "1212.5581",
    archivePrefix = "arXiv",
    primaryClass = "hep-ph",
    reportNumber = "KA-TP-44-2012, SFB-CPP-12-102, LPT-ORSAY-12-124, PSI-PR-12-10",
    doi = "10.1007/JHEP04(2013)151",
    journal = "JHEP",
    volume = "04",
    pages = "151",
    year = "2013"
}
@article{Djouadi:1999rca,
    author = "Djouadi, A. and Kilian, W. and Muhlleitner, M. and Zerwas, P. M.",
    title = "{Production of neutral Higgs boson pairs at LHC}",
    eprint = "hep-ph/9904287",
    archivePrefix = "arXiv",
    reportNumber = "DESY-99-033, TTP-99-17, PM-99-21",
    doi = "10.1007/s100529900083",
    journal = "Eur. Phys. J. C",
    volume = "10",
    pages = "45--49",
    year = "1999"
}
@article{Dolan:2012rv,
    author = "Dolan, Matthew J. and Englert, Christoph and Spannowsky, Michael",
    title = "{Higgs self-coupling measurements at the LHC}",
    eprint = "1206.5001",
    archivePrefix = "arXiv",
    primaryClass = "hep-ph",
    reportNumber = "IPPP-12-43, DCPT-12-86",
    doi = "10.1007/JHEP10(2012)112",
    journal = "JHEP",
    volume = "10",
    pages = "112",
    year = "2012"
}
@article{Baur:2003gp,
    author = "Baur, U. and Plehn, T. and Rainwater, David L.",
    title = "{Probing the Higgs selfcoupling at hadron colliders using rare decays}",
    eprint = "hep-ph/0310056",
    archivePrefix = "arXiv",
    reportNumber = "CERN-TH-2003-186, UB-HET-03-06, DESY-03-103",
    doi = "10.1103/PhysRevD.69.053004",
    journal = "Phys. Rev. D",
    volume = "69",
    pages = "053004",
    year = "2004"
}
@article{DiMicco:2019ngk,
    author = "Alison, J. and others",
    editor = "Di Micco, Biagio and Gouzevitch, Maxime and Mazzitelli, Javier and Vernieri, Caterina",
    title = "{Higgs boson potential at colliders: Status and perspectives}",
    eprint = "1910.00012",
    archivePrefix = "arXiv",
    primaryClass = "hep-ph",
    reportNumber = "FERMILAB-CONF-19-468-E-T, LHCXSWG-2019-005",
    doi = "10.1016/j.revip.2020.100045",
    journal = "Rev. Phys.",
    volume = "5",
    pages = "100045",
    year = "2020"
}
@article{Alasfar:2022zyr,
    author = {Alasfar, Lina and de Blas, Jorge and Gr\"ober, Ramona},
    title = "{Higgs probes of top quark contact interactions and their interplay with the Higgs self-coupling}",
    eprint = "2202.02333",
    archivePrefix = "arXiv",
    primaryClass = "hep-ph",
    reportNumber = "HU-EP-21/48-RTG",
    month = "2",
    year = "2022"
}
@article{Abdughani:2020xfo,
    author = "Abdughani, Murat and Wang, Daohan and Wu, Lei and Yang, Jin Min and Zhao, Jun",
    title = "{Probing the triple Higgs boson coupling with machine learning at the LHC}",
    eprint = "2005.11086",
    archivePrefix = "arXiv",
    primaryClass = "hep-ph",
    doi = "10.1103/PhysRevD.104.056003",
    journal = "Phys. Rev. D",
    volume = "104",
    number = "5",
    pages = "056003",
    year = "2021"
}
@article{Amacker:2020bmn,
    author = "Amacker, Jacob and others",
    title = "{Higgs self-coupling measurements using deep learning in the $ b\overline{b}b\overline{b} $ final state}",
    eprint = "2004.04240",
    archivePrefix = "arXiv",
    primaryClass = "hep-ph",
    reportNumber = "IPPP/20/11",
    doi = "10.1007/JHEP12(2020)115",
    journal = "JHEP",
    volume = "12",
    pages = "115",
    year = "2020"
}
@article{Adhikary:2020fqf,
    author = "Adhikary, Amit and Barman, Rahool Kumar and Bhattacherjee, Biplob",
    title = "{Prospects of non-resonant di-Higgs searches and Higgs boson self-coupling measurement at the HE-LHC using machine learning techniques}",
    eprint = "2006.11879",
    archivePrefix = "arXiv",
    primaryClass = "hep-ph",
    doi = "10.1007/JHEP12(2020)179",
    journal = "JHEP",
    volume = "12",
    pages = "179",
    year = "2020"
}
@article{Tannenwald:2020mhq,
    author = "Tannenwald, Benjamin and Neu, Christopher and Li, Ang and Buehlmann, Gracemarie and Cuddeback, Anna and Hatfield, Leigh and Parvatam, Ruhi and Thompson, Colby",
    title = "{Benchmarking Machine Learning Techniques with Di-Higgs Production at the LHC}",
    eprint = "2009.06754",
    archivePrefix = "arXiv",
    primaryClass = "hep-ph",
    month = "9",
    year = "2020"
}
@article{Duarte-Campderros:2018ouv,
    author = "Duarte-Campderros, J. and Perez, G. and Schlaffer, M. and Soffer, A.",
    title = "{Probing the Higgs\textendash{}strange-quark coupling at $e^+e^-$ colliders using light-jet flavor tagging}",
    eprint = "1811.09636",
    archivePrefix = "arXiv",
    primaryClass = "hep-ph",
    doi = "10.1103/PhysRevD.101.115005",
    journal = "Phys. Rev. D",
    volume = "101",
    number = "11",
    pages = "115005",
    year = "2020"
}
@article{ATLAS:2019vwv,
    author = "Aad, Georges and others",
    collaboration = "ATLAS",
    title = "{Search for non-resonant Higgs boson pair production in the $bb\ell\nu\ell\nu$ final state with the ATLAS detector in $pp$ collisions at $\sqrt{s} = 13$ TeV}",
    eprint = "1908.06765",
    archivePrefix = "arXiv",
    primaryClass = "hep-ex",
    reportNumber = "CERN-EP-2019-143",
    doi = "10.1016/j.physletb.2019.135145",
    journal = "Phys. Lett. B",
    volume = "801",
    pages = "135145",
    year = "2020"
}