@article{Bar-Shalom:2018rjs,
    author = "Bar-Shalom, Shaouly and Soni, Amarjit",
    title = "{Universally enhanced light-quarks Yukawa couplings paradigm}",
    eprint = "1804.02400",
    archivePrefix = "arXiv",
    primaryClass = "hep-ph",
    doi = "10.1103/PhysRevD.98.055001",
    journal = "Phys. Rev. D",
    volume = "98",
    number = "5",
    pages = "055001",
    year = "2018"
}

@article{Grazzini:2018bsd,
    author = "Grazzini, Massimiliano and Heinrich, Gudrun and Jones, Stephen and Kallweit, Stefan and Kerner, Matthias and Lindert, Jonas M. and Mazzitelli, Javier",
    title = "{Higgs boson pair production at NNLO with top quark mass effects}",
    eprint = "1803.02463",
    archivePrefix = "arXiv",
    primaryClass = "hep-ph",
    reportNumber = "CERN-TH-2018-044, IPPP/18/15, MPP-2018-30, ZU-TH 10/18, IPPP-18-15, ZU-TH-10-18",
    doi = "10.1007/JHEP05(2018)059",
    journal = "JHEP",
    volume = "05",
    pages = "059",
    year = "2018"
}

@article{deFlorian:2019app,
    author = "de Florian, Daniel and Fabre, Ignacio and Mazzitelli, Javier",
    title = "{Triple Higgs production at hadron colliders at NNLO in QCD}",
    eprint = "1912.02760",
    archivePrefix = "arXiv",
    primaryClass = "hep-ph",
    reportNumber = "ICAS 046/19, ZU-TH 51/19, MPP-2019-245",
    doi = "10.1007/JHEP03(2020)155",
    journal = "JHEP",
    volume = "03",
    pages = "155",
    year = "2020"
}

@article{Falkowski:2020znk,
    author = "Falkowski, Adam and Ganguly, Sanmay and Gras, Phillippe and No, Jose Miguel and Tobioka, Kohsaku and Vignaroli, Natascia and You, Tevong",
    title = "{Light quark Yukawas in triboson final states}",
    eprint = "2011.09551",
    archivePrefix = "arXiv",
    primaryClass = "hep-ph",
    reportNumber = "CERN-TH-2020-191; IFT-UAM/CSIC-20-158; FTUAM-20-25; KEK-TH-2276;",
    month = "11",
    year = "2020"
}

@article{Curtin:2014jma,
    author = "Curtin, David and Meade, Patrick and Yu, Chiu-Tien",
    title = "{Testing Electroweak Baryogenesis with Future Colliders}",
    eprint = "1409.0005",
    archivePrefix = "arXiv",
    primaryClass = "hep-ph",
    reportNumber = "YITP-SB-14-33",
    doi = "10.1007/JHEP11(2014)127",
    journal = "JHEP",
    volume = "11",
    pages = "127",
    year = "2014"
}

@article{Mazumdar:2018dfl,
    author = "Mazumdar, Anupam and White, Graham",
    title = "{Review of cosmic phase transitions: their significance and experimental signatures}",
    eprint = "1811.01948",
    archivePrefix = "arXiv",
    primaryClass = "hep-ph",
    doi = "10.1088/1361-6633/ab1f55",
    journal = "Rept. Prog. Phys.",
    volume = "82",
    number = "7",
    pages = "076901",
    year = "2019"
}

@article{Trodden:1998ym,
    author = "Trodden, Mark",
    title = "{Electroweak baryogenesis}",
    eprint = "hep-ph/9803479",
    archivePrefix = "arXiv",
    reportNumber = "CWRU-P6-98",
    doi = "10.1103/RevModPhys.71.1463",
    journal = "Rev. Mod. Phys.",
    volume = "71",
    pages = "1463--1500",
    year = "1999"
}

@inproceedings{Cline:2006ts,
    author = "Cline, James M.",
    title = "{Baryogenesis}",
    booktitle = "{Les Houches Summer School - Session 86: Particle Physics and Cosmology: The Fabric of Spacetime}",
    eprint = "hep-ph/0609145",
    archivePrefix = "arXiv",
    month = "9",
    year = "2006"
}

@article{Dolan:2012ac,
    author = "Dolan, Matthew J. and Englert, Christoph and Spannowsky, Michael",
    title = "{New Physics in LHC Higgs boson pair production}",
    eprint = "1210.8166",
    archivePrefix = "arXiv",
    primaryClass = "hep-ph",
    reportNumber = "IPPP-12-80, DCPT-12-160",
    doi = "10.1103/PhysRevD.87.055002",
    journal = "Phys. Rev. D",
    volume = "87",
    number = "5",
    pages = "055002",
    year = "2013"
}

@article{No:2013wsa,
    author = "No, Jose M. and Ramsey-Musolf, Michael",
    title = "{Probing the Higgs Portal at the LHC Through Resonant di-Higgs Production}",
    eprint = "1310.6035",
    archivePrefix = "arXiv",
    primaryClass = "hep-ph",
    doi = "10.1103/PhysRevD.89.095031",
    journal = "Phys. Rev. D",
    volume = "89",
    number = "9",
    pages = "095031",
    year = "2014"
}

@article{Bowen:2007ia,
    author = "Bowen, Matthew and Cui, Yanou and Wells, James D.",
    title = "{Narrow trans-TeV Higgs bosons and H ---\ensuremath{>} hh decays: Two LHC search paths for a hidden sector Higgs boson}",
    eprint = "hep-ph/0701035",
    archivePrefix = "arXiv",
    reportNumber = "MCTP-07-02",
    doi = "10.1088/1126-6708/2007/03/036",
    journal = "JHEP",
    volume = "03",
    pages = "036",
    year = "2007"
}

@article{Goertz:2014qta,
    author = "Goertz, Florian and Papaefstathiou, Andreas and Yang, Li Lin and Zurita, Jos\'e",
    title = "{Higgs boson pair production in the D=6 extension of the SM}",
    eprint = "1410.3471",
    archivePrefix = "arXiv",
    primaryClass = "hep-ph",
    doi = "10.1007/JHEP04(2015)167",
    journal = "JHEP",
    volume = "04",
    pages = "167",
    year = "2015"
}


@article{Bona:2007vi,
	Archiveprefix = {arXiv},
	Author = {Bona, M. and others},
	Collaboration = {UTfit},
	Date-Added = {2018-10-13 19:38:15 -0400},
	Date-Modified = {2018-10-13 19:38:15 -0400},
	Doi = {10.1088/1126-6708/2008/03/049},
	Eprint = {0707.0636},
	Journal = {JHEP},
	Pages = {049},
	Primaryclass = {hep-ph},
	Slaccitation = {%%CITATION = ARXIV:0707.0636;%%},
	Title = {{Model-independent constraints on $\Delta F=2$ operators and the scale of new physics}},
	Volume = {03},
	Year = {2008},
	Bdsk-Url-1 = {https://doi.org/10.1088/1126-6708/2008/03/049}}

@article{DAmbrosio:2002vsn,
	Archiveprefix = {arXiv},
	Author = {D'Ambrosio, G. and Giudice, G. F. and Isidori, G. and Strumia, A.},
	Date-Added = {2018-10-13 19:38:15 -0400},
	Date-Modified = {2018-10-13 19:38:15 -0400},
	Doi = {10.1016/S0550-3213(02)00836-2},
	Eprint = {hep-ph/0207036},
	Journal = {Nucl. Phys.},
	Pages = {155-187},
	Primaryclass = {hep-ph},
	Reportnumber = {CERN-TH-2002-147, IFUP-TH-2002-17},
	Slaccitation = {%%CITATION = HEP-PH/0207036;%%},
	Title = {{Minimal flavor violation: An Effective field theory approach}},
	Volume = {B645},
	Year = {2002},
	Bdsk-Url-1 = {https://doi.org/10.1016/S0550-3213(02)00836-2}}

@unpublished{SNOWMASS,
    author = "Egana-Ugrinovic, Daniel and Homiller, Sam and Meade, Patrick",
    title = "{Snowmass EF02 Topical Group Meeting}",
    year = "2020"
}


@article{Aad:2019hjw,
    author = "Aad, Georges and others",
    collaboration = "ATLAS",
    title = "{Search for new resonances in mass distributions of jet pairs using 139 fb$^{-1}$ of $pp$ collisions at $\sqrt{s}=13$ TeV with the ATLAS detector}",
    eprint = "1910.08447",
    archivePrefix = "arXiv",
    primaryClass = "hep-ex",
    reportNumber = "CERN-EP-2019-162",
    doi = "10.1007/JHEP03(2020)145",
    journal = "JHEP",
    volume = "03",
    pages = "145",
    year = "2020"
}

@article{Sirunyan:2019vgj,
    author = "Sirunyan, Albert M and others",
    collaboration = "CMS",
    title = "{Search for high mass dijet resonances with a new background prediction method in proton-proton collisions at $\sqrt{s} =$ 13 TeV}",
    eprint = "1911.03947",
    archivePrefix = "arXiv",
    primaryClass = "hep-ex",
    reportNumber = "CMS-EXO-19-012, CERN-EP-2019-222",
    doi = "10.1007/JHEP05(2020)033",
    journal = "JHEP",
    volume = "05",
    pages = "033",
    year = "2020"
}


@article{Duarte-Campderros:2018ouv,
    author = "Duarte-Campderros, J. and Perez, G. and Schlaffer, M. and Soffer, A.",
    title = "{Probing the Higgs--strange-quark coupling at $e^+e^-$ colliders using light-jet flavor tagging}",
    eprint = "1811.09636",
    archivePrefix = "arXiv",
    primaryClass = "hep-ph",
    doi = "10.1103/PhysRevD.101.115005",
    journal = "Phys. Rev. D",
    volume = "101",
    number = "11",
    pages = "115005",
    year = "2020"
}

@article{Nakai:2020kuu,
    author = "Nakai, Yuichiro and Shih, David and Thomas, Scott",
    title = "{Strange Jet Tagging}",
    eprint = "2003.09517",
    archivePrefix = "arXiv",
    primaryClass = "hep-ph",
    month = "3",
    year = "2020"
}

@article{Aaboud:2018txb,
    author = "Aaboud, Morad and others",
    collaboration = "ATLAS",
    title = "{Searches for exclusive Higgs and $Z$ boson decays into $J/\psi\gamma$, $\psi(2S)\gamma$, and $\Upsilon(nS)\gamma$ at $\sqrt{s}=13$ TeV with the ATLAS detector}",
    eprint = "1807.00802",
    archivePrefix = "arXiv",
    primaryClass = "hep-ex",
    reportNumber = "CERN-EP-2018-154",
    doi = "10.1016/j.physletb.2018.09.024",
    journal = "Phys. Lett. B",
    volume = "786",
    pages = "134--155",
    year = "2018"
}

@article{Sirunyan:2018fmm,
    author = "Sirunyan, Albert M and others",
    collaboration = "CMS",
    title = "{Search for rare decays of Z and Higgs bosons to J$/\psi$ and a photon in proton-proton collisions at $\sqrt{s} =$ 13 TeV}",
    eprint = "1810.10056",
    archivePrefix = "arXiv",
    primaryClass = "hep-ex",
    reportNumber = "CMS-SMP-17-012, CERN-EP-2018-250",
    doi = "10.1140/epjc/s10052-019-6562-5",
    journal = "Eur. Phys. J. C",
    volume = "79",
    number = "2",
    pages = "94",
    year = "2019"
}

@article{Aaboud:2018fhh,
    author = "Aaboud, M. and others",
    collaboration = "ATLAS",
    title = "{Search for the Decay of the Higgs Boson to Charm Quarks with the ATLAS Experiment}",
    eprint = "1802.04329",
    archivePrefix = "arXiv",
    primaryClass = "hep-ex",
    reportNumber = "CERN-EP-2017-334",
    doi = "10.1103/PhysRevLett.120.211802",
    journal = "Phys. Rev. Lett.",
    volume = "120",
    number = "21",
    pages = "211802",
    year = "2018"
}

@article{Sirunyan:2020mds,
    author = "Sirunyan, Albert M and others",
    collaboration = "CMS",
    title = "{Search for decays of the 125 GeV Higgs boson into a Z boson and a $\rho$ or $\phi$ meson}",
    eprint = "2007.05122",
    archivePrefix = "arXiv",
    primaryClass = "hep-ex",
    reportNumber = "CMS-HIG-19-012, CERN-EP-2020-120",
    month = "7",
    year = "2020"
}

@article{Perez:2015lra,
    author = "Perez, Gilad and Soreq, Yotam and Stamou, Emmanuel and Tobioka, Kohsaku",
    title = "{Prospects for measuring the Higgs boson coupling to light quarks}",
    eprint = "1505.06689",
    archivePrefix = "arXiv",
    primaryClass = "hep-ph",
    doi = "10.1103/PhysRevD.93.013001",
    journal = "Phys. Rev. D",
    volume = "93",
    number = "1",
    pages = "013001",
    year = "2016"
}

@article{Coyle:2019hvs,
    author = "Coyle, Nina M. and Wagner, Carlos E.M. and Wei, Viska",
    title = "{Bounding the charm Yukawa coupling}",
    eprint = "1905.09360",
    archivePrefix = "arXiv",
    primaryClass = "hep-ph",
    doi = "10.1103/PhysRevD.100.073013",
    journal = "Phys. Rev. D",
    volume = "100",
    number = "7",
    pages = "073013",
    year = "2019"
}

@article{Brivio:2015fxa,
      author         = "Brivio, Ilaria and Goertz, Florian and Isidori, Gino",
      title          = "{Probing the Charm Quark Yukawa Coupling in Higgs + Charm
                        Production}",
      journal        = "Phys. Rev. Lett.",
      volume         = "115",
      year           = "2015",
      number         = "21",
      pages          = "211801",
      doi            = "10.1103/PhysRevLett.115.211801",
      eprint         = "1507.02916",
      archivePrefix  = "arXiv",
      primaryClass   = "hep-ph",
      reportNumber   = "CERN-PH-TH-2015-160, FTUAM-15-19, IFT-UAM-CSIC-15-068,
                        ZU-TH-23-15",
      SLACcitation   = "%%CITATION = ARXIV:1507.02916;%%"
}

@article{Soreq:2016rae,
      author         = "Soreq, Yotam and Zhu, Hua Xing and Zupan, Jure",
      title          = "{Light quark Yukawa couplings from Higgs kinematics}",
      journal        = "JHEP",
      volume         = "12",
      year           = "2016",
      pages          = "045",
      doi            = "10.1007/JHEP12(2016)045",
      eprint         = "1606.09621",
      archivePrefix  = "arXiv",
      primaryClass   = "hep-ph",
      reportNumber   = "MIT-CTP-4817",
      SLACcitation   = "%%CITATION = ARXIV:1606.09621;%%"
}

@article{Bishara:2016jga,
      author         = "Bishara, Fady and Haisch, Ulrich and Monni, Pier
                        Francesco and Re, Emanuele",
      title          = "{Constraining Light-Quark Yukawa Couplings from Higgs
                        Distributions}",
      journal        = "Phys. Rev. Lett.",
      volume         = "118",
      year           = "2017",
      number         = "12",
      pages          = "121801",
      doi            = "10.1103/PhysRevLett.118.121801",
      eprint         = "1606.09253",
      archivePrefix  = "arXiv",
      primaryClass   = "hep-ph",
      reportNumber   = "OUTP-16-18P, CERN-TH-2016-136, LAPTH-026/16",
      SLACcitation   = "%%CITATION = ARXIV:1606.09253;%%"
}

@article{Yu:2016rvv,
      author         = "Yu, Felix",
      title          = "{Phenomenology of Enhanced Light Quark Yukawa Couplings
                        and the $W^\pm h$ Charge Asymmetry}",
      journal        = "JHEP",
      volume         = "02",
      year           = "2017",
      pages          = "083",
      doi            = "10.1007/JHEP02(2017)083",
      eprint         = "1609.06592",
      archivePrefix  = "arXiv",
      primaryClass   = "hep-ph",
      reportNumber   = "MITP-16-040",
      SLACcitation   = "%%CITATION = ARXIV:1609.06592;%%"
}



@article{Zhou:2015wra,
      author         = "Zhou, Yaofu",
      title          = "{Constraining the Higgs boson coupling to light quarks in
                        the $H\to ZZ$ final states}",
      journal        = "Phys. Rev.",
      volume         = "D93",
      year           = "2016",
      number         = "1",
      pages          = "013019",
      doi            = "10.1103/PhysRevD.93.013019",
      eprint         = "1505.06369",
      archivePrefix  = "arXiv",
      primaryClass   = "hep-ph",
      SLACcitation   = "%%CITATION = ARXIV:1505.06369;%%"
}

@article{Bodwin:2013gca,
      author         = "Bodwin, Geoffrey T. and Petriello, Frank and Stoynev,
                        Stoyan and Velasco, Mayda",
      title          = "{Higgs boson decays to quarkonia and the $H\bar{c}c$ 
                        coupling}",
      journal        = "Phys. Rev.",
      volume         = "D88",
      year           = "2013",
      number         = "5",
      pages          = "053003",
      doi            = "10.1103/PhysRevD.88.053003",
      eprint         = "1306.5770",
      archivePrefix  = "arXiv",
      primaryClass   = "hep-ph",
      SLACcitation   = "%%CITATION = ARXIV:1306.5770;%%"
}


@article{Aaboud:2017xnb,
      author         = "Aaboud, M. and others",
      title          = "{Search for exclusive Higgs and $Z$ boson decays to
                        $\phi\gamma$ and $\rho\gamma$ with the ATLAS detector}",
      collaboration  = "ATLAS",
      journal        = "JHEP",
      volume         = "07",
      year           = "2018",
      pages          = "127",
      doi            = "10.1007/JHEP07(2018)127",
      eprint         = "1712.02758",
      archivePrefix  = "arXiv",
      primaryClass   = "hep-ex",
      reportNumber   = "CERN-EP-2017-273",
      SLACcitation   = "%%CITATION = ARXIV:1712.02758;%%"
}

@article{Kagan:2014ila,
      author         = "Kagan, Alexander L. and Perez, Gilad and Petriello, Frank
                        and Soreq, Yotam and Stoynev, Stoyan and Zupan, Jure",
      title          = "{Exclusive Window onto Higgs Yukawa Couplings}",
      journal        = "Phys. Rev. Lett.",
      volume         = "114",
      year           = "2015",
      number         = "10",
      pages          = "101802",
      doi            = "10.1103/PhysRevLett.114.101802",
      eprint         = "1406.1722",
      archivePrefix  = "arXiv",
      primaryClass   = "hep-ph",
      SLACcitation   = "%%CITATION = ARXIV:1406.1722;%%"
}


@article{Randall:1999ee,
    author = "Randall, Lisa and Sundrum, Raman",
    title = "{A Large mass hierarchy from a small extra dimension}",
    eprint = "hep-ph/9905221",
    archivePrefix = "arXiv",
    reportNumber = "MIT-CTP-2860, PUPT-1860, BUHEP-99-9",
    doi = "10.1103/PhysRevLett.83.3370",
    journal = "Phys. Rev. Lett.",
    volume = "83",
    pages = "3370--3373",
    year = "1999"
}

@article{ArkaniHamed:1998rs,
    author = "Arkani-Hamed, Nima and Dimopoulos, Savas and Dvali, G.R.",
    title = "{The Hierarchy problem and new dimensions at a millimeter}",
    eprint = "hep-ph/9803315",
    archivePrefix = "arXiv",
    reportNumber = "SLAC-PUB-7769, SU-ITP-98-13",
    doi = "10.1016/S0370-2693(98)00466-3",
    journal = "Phys. Lett. B",
    volume = "429",
    pages = "263--272",
    year = "1998"
}

@article{Barr:1984fh,
      author         = "Barr, Stephen M.",
      title          = "{A Natural Class of Nonpeccei-quinn Models}",
      journal        = "Phys. Rev.",
      volume         = "D30",
      year           = "1984",
      pages          = "1805",
      doi            = "10.1103/PhysRevD.30.1805",
      reportNumber   = "DOE/ER/40048-15 P4",
      SLACcitation   = "%%CITATION = PHRVA,D30,1805;%%"
}

@article{Barr:1984qx,
      author         = "Barr, Stephen M.",
      title          = "{Solving the Strong CP Problem Without the Peccei-Quinn
                        Symmetry}",
      journal        = "Phys. Rev. Lett.",
      volume         = "53",
      year           = "1984",
      pages          = "329",
      doi            = "10.1103/PhysRevLett.53.329",
      reportNumber   = "DOE-ER-40048-08 P4",
      SLACcitation   = "%%CITATION = PRLTA,53,329;%%"
}

@article{Nelson:1983zb,
      author         = "Nelson, Ann E.",
      title          = "{Naturally Weak CP Violation}",
      journal        = "Phys. Lett.",
      volume         = "136B",
      year           = "1984",
      pages          = "387-391",
      doi            = "10.1016/0370-2693(84)92025-2",
      reportNumber   = "HUTP-83/A080",
      SLACcitation   = "%%CITATION = PHLTA,136B,387;%%"
}

@article{Hiller:2002um,
      author         = "Hiller, Gudrun and Schmaltz, Martin",
      title          = "{Strong weak CP hierarchy from nonrenormalization
                        theorems}",
      journal        = "Phys. Rev.",
      volume         = "D65",
      year           = "2002",
      pages          = "096009",
      doi            = "10.1103/PhysRevD.65.096009",
      eprint         = "hep-ph/0201251",
      archivePrefix  = "arXiv",
      primaryClass   = "hep-ph",
      reportNumber   = "SLAC-PUB-9080, FERMILAB-PUB-01-379-T, BUHEP-01-35",
      SLACcitation   = "%%CITATION = HEP-PH/0201251;%%"
}

@article{Batell:2017kty,
    author = "Batell, Brian and Freitas, Ayres and Ismail, Ahmed and Mckeen, David",
    title = "{Flavor-specific scalar mediators}",
    eprint = "1712.10022",
    archivePrefix = "arXiv",
    primaryClass = "hep-ph",
    doi = "10.1103/PhysRevD.98.055026",
    journal = "Phys. Rev. D",
    volume = "98",
    number = "5",
    pages = "055026",
    year = "2018"
}

@article{Arcadi:2019lka,
    author = "Arcadi, Giorgio and Djouadi, Abdelhak and Raidal, Martti",
    title = "{Dark Matter through the Higgs portal}",
    eprint = "1903.03616",
    archivePrefix = "arXiv",
    primaryClass = "hep-ph",
    reportNumber = "LAPTH-010/19",
    doi = "10.1016/j.physrep.2019.11.003",
    journal = "Phys. Rept.",
    volume = "842",
    pages = "1--180",
    year = "2020"
}

@article{McDonald:1993ex,
    author = "McDonald, John",
    title = "{Gauge singlet scalars as cold dark matter}",
    eprint = "hep-ph/0702143",
    archivePrefix = "arXiv",
    reportNumber = "IFM-13-93",
    doi = "10.1103/PhysRevD.50.3637",
    journal = "Phys. Rev. D",
    volume = "50",
    pages = "3637--3649",
    year = "1994"
}

@article{Grojean:2004xa,
    author = "Grojean, Christophe and Servant, Geraldine and Wells, James D.",
    title = "{First-order electroweak phase transition in the standard model with a low cutoff}",
    eprint = "hep-ph/0407019",
    archivePrefix = "arXiv",
    reportNumber = "SACLAY-T04-084, MCTP-04-37, ANL-HEP-PR-04-63, EFI-04-23",
    doi = "10.1103/PhysRevD.71.036001",
    journal = "Phys. Rev. D",
    volume = "71",
    pages = "036001",
    year = "2005"
}

@inproceedings{DiMicco:2019ngk,
    author = "Alison, J. and others",
    editor = "Di Micco, B. and Gouzevitch, M. and Mazzitelli, J. and Vernieri, C.",
    title = "{Higgs Boson Pair Production at Colliders: Status and Perspectives}",
    booktitle = "{Double Higgs Production at Colliders}",
    eprint = "1910.00012",
    archivePrefix = "arXiv",
    primaryClass = "hep-ph",
    reportNumber = "FERMILAB-CONF-19-468-E-T, LHCXSWG-2019-005",
    month = "9",
    year = "2019"
}

@article{Arco:2020ucn,
    author = "Arco, F. and Heinemeyer, S. and Herrero, M.J.",
    title = "{Exploring sizable triple Higgs couplings in the 2HDM}",
    eprint = "2005.10576",
    archivePrefix = "arXiv",
    primaryClass = "hep-ph",
    reportNumber = "IFT-UAM/CSIC-20-30, FTUAM-20-3",
    month = "5",
    year = "2020"
}

@article{Chen:2014ask,
    author = "Chen, Chien-Yi and Dawson, S. and Lewis, I.M.",
    title = "{Exploring resonant di-Higgs boson production in the Higgs singlet model}",
    eprint = "1410.5488",
    archivePrefix = "arXiv",
    primaryClass = "hep-ph",
    doi = "10.1103/PhysRevD.91.035015",
    journal = "Phys. Rev. D",
    volume = "91",
    number = "3",
    pages = "035015",
    year = "2015"
}

@article{Aad:2019yxi,
    author = "Aad, Georges and others",
    collaboration = "ATLAS",
    title = "{Search for non-resonant Higgs boson pair production in the $bb\ell\nu\ell\nu$ final state with the ATLAS detector in $pp$ collisions at $\sqrt{s} = 13$ TeV}",
    eprint = "1908.06765",
    archivePrefix = "arXiv",
    primaryClass = "hep-ex",
    reportNumber = "CERN-EP-2019-143",
    doi = "10.1016/j.physletb.2019.135145",
    journal = "Phys. Lett. B",
    volume = "801",
    pages = "135145",
    year = "2020"
}

@article{Barr:2014sga,
    author = "Barr, Alan J. and Dolan, Matthew J. and Englert, Christoph and Ferreira de Lima, Danilo Enoque and Spannowsky, Michael",
    title = "{Higgs Self-Coupling Measurements at a 100 TeV Hadron Collider}",
    eprint = "1412.7154",
    archivePrefix = "arXiv",
    primaryClass = "hep-ph",
    reportNumber = "IPPP-14-110, DCPT-14-220, SLAC-PUB-16194",
    doi = "10.1007/JHEP02(2015)016",
    journal = "JHEP",
    volume = "02",
    pages = "016",
    year = "2015"
}

@inproceedings{Yao:2013ika,
    author = "Yao, Weiming",
    title = "{Studies of measuring Higgs self-coupling with $HH\rightarrow b\bar b \gamma\gamma$ at the future hadron colliders}",
    booktitle = "{Community Summer Study 2013}: {Snowmass on the Mississippi}",
    eprint = "1308.6302",
    archivePrefix = "arXiv",
    primaryClass = "hep-ph",
    month = "8",
    year = "2013"
}

@article{Homiller:2018dgu,
    author = "Homiller, Samuel and Meade, Patrick",
    title = "{Measurement of the Triple Higgs Coupling at a HE-LHC}",
    eprint = "1811.02572",
    archivePrefix = "arXiv",
    primaryClass = "hep-ph",
    reportNumber = "YITP-SB-18-33",
    doi = "10.1007/JHEP03(2019)055",
    journal = "JHEP",
    volume = "03",
    pages = "055",
    year = "2019"
}

@article{Aaboud:2018knk,
    author = "Aaboud, Morad and others",
    collaboration = "ATLAS",
    title = "{Search for pair production of Higgs bosons in the $b\bar{b}b\bar{b}$ final state using proton-proton collisions at $\sqrt{s} = 13$ TeV with the ATLAS detector}",
    eprint = "1804.06174",
    archivePrefix = "arXiv",
    primaryClass = "hep-ex",
    reportNumber = "CERN-EP-2018-029",
    doi = "10.1007/JHEP01(2019)030",
    journal = "JHEP",
    volume = "01",
    pages = "030",
    year = "2019"
}

@article{Sirunyan:2018koj,
    author = "Sirunyan, Albert M and others",
    collaboration = "CMS",
    title = "{Combined measurements of Higgs boson couplings in proton--proton collisions at $\sqrt{s}=13\,\text {Te}\text {V} $}",
    eprint = "1809.10733",
    archivePrefix = "arXiv",
    primaryClass = "hep-ex",
    reportNumber = "CMS-HIG-17-031, CERN-EP-2018-263",
    doi = "10.1140/epjc/s10052-019-6909-y",
    journal = "Eur. Phys. J. C",
    volume = "79",
    number = "5",
    pages = "421",
    year = "2019"
}

@article{Craig:2013hca,
    author = "Craig, Nathaniel and Galloway, Jamison and Thomas, Scott",
    title = "{Searching for Signs of the Second Higgs Doublet}",
    eprint = "1305.2424",
    archivePrefix = "arXiv",
    primaryClass = "hep-ph",
    reportNumber = "RU-NHETC-2013-07",
    month = "5",
    year = "2013"
}

@article{Gunion:2002zf,
    author = "Gunion, John F. and Haber, Howard E.",
    title = "{The CP conserving two Higgs doublet model: The Approach to the decoupling limit}",
    eprint = "hep-ph/0207010",
    archivePrefix = "arXiv",
    reportNumber = "SCIPP-02-10",
    doi = "10.1103/PhysRevD.67.075019",
    journal = "Phys. Rev. D",
    volume = "67",
    pages = "075019",
    year = "2003"
}

@article{Botella:1994cs,
    author = "Botella, F.J. and Silva, Joao P.",
    title = "{Jarlskog - like invariants for theories with scalars and fermions}",
    eprint = "hep-ph/9411288",
    archivePrefix = "arXiv",
    reportNumber = "FTUV-94-68, IFIC-94-65",
    doi = "10.1103/PhysRevD.51.3870",
    journal = "Phys. Rev. D",
    volume = "51",
    pages = "3870--3875",
    year = "1995"
}

@article{Georgi:1978ri,
    author = "Georgi, Howard and Nanopoulos, Dimitri V.",
    title = "{Suppression of Flavor Changing Effects From Neutral Spinless Meson Exchange in Gauge Theories}",
    reportNumber = "HUTP-78/A055",
    doi = "10.1016/0370-2693(79)90433-7",
    journal = "Phys. Lett. B",
    volume = "82",
    pages = "95--96",
    year = "1979"
}

@article{Sirunyan:2018ayu,
    author = "Sirunyan, Albert M and others",
    collaboration = "CMS",
    title = "{Combination of searches for Higgs boson pair production in proton-proton collisions at $\sqrt{s} = $ 13 TeV}",
    eprint = "1811.09689",
    archivePrefix = "arXiv",
    primaryClass = "hep-ex",
    reportNumber = "CMS-HIG-17-030, CERN-EP-2018-292",
    doi = "10.1103/PhysRevLett.122.121803",
    journal = "Phys. Rev. Lett.",
    volume = "122",
    number = "12",
    pages = "121803",
    year = "2019"
}

@article{OConnell:2006rsp,
    author = "O'Connell, Donal and Ramsey-Musolf, Michael J. and Wise, Mark B.",
    title = "{Minimal Extension of the Standard Model Scalar Sector}",
    eprint = "hep-ph/0611014",
    archivePrefix = "arXiv",
    reportNumber = "CALT-68-2614",
    doi = "10.1103/PhysRevD.75.037701",
    journal = "Phys. Rev. D",
    volume = "75",
    pages = "037701",
    year = "2007"
}

@article{Veltman:1989vw,
    author = "Veltman, M.J.G. and Yndurain, F.J.",
    title = "{Radiative corrections to $WW$ scattering}",
    reportNumber = "UM-TH-89-04",
    doi = "10.1016/0550-3213(89)90369-6",
    journal = "Nucl. Phys. B",
    volume = "325",
    pages = "1--17",
    year = "1989"
}

@article{Nakamura:2017irk,
      author         = "Nakamura, Koji and Nishiwaki, Kenji and Oda, Kin-ya and
                        Park, Seong Chan and Yamamoto, Yasuhiro",
      title          = "{Di-higgs enhancement by neutral scalar as probe of new
                        colored sector}",
      journal        = "Eur. Phys. J.",
      volume         = "C77",
      year           = "2017",
      number         = "5",
      pages          = "273",
      doi            = "10.1140/epjc/s10052-017-4835-4",
      eprint         = "1701.06137",
      archivePrefix  = "arXiv",
      primaryClass   = "hep-ph",
      reportNumber   = "KIAS-P17006, OU-HET-923",
      SLACcitation   = "%%CITATION = ARXIV:1701.06137;%%"
}

@article{Dimopoulos:1981zb,
      author         = "Dimopoulos, Savas and Georgi, Howard",
      title          = "{Softly Broken Supersymmetry and SU(5)}",
      journal        = "Nucl. Phys.",
      volume         = "B193",
      year           = "1981",
      pages          = "150-162",
      doi            = "10.1016/0550-3213(81)90522-8",
      reportNumber   = "HUTP-81/A022",
      SLACcitation   = "%%CITATION = NUPHA,B193,150;%%"
}

@article{Glashow:1976nt,
      author         = "Glashow, Sheldon L. and Weinberg, Steven",
      title          = "{Natural Conservation Laws for Neutral Currents}",
      journal        = "Phys. Rev.",
      volume         = "D15",
      year           = "1977",
      pages          = "1958",
      doi            = "10.1103/PhysRevD.15.1958",
      reportNumber   = "HUTP-76-A158",
      SLACcitation   = "%%CITATION = PHRVA,D15,1958;%%"
}

@article{Egana-Ugrinovic:2018znw,
      author         = "Egana-Ugrinovic, Daniel and Homiller, Samuel and Meade,
                        Patrick",
      title          = "{Aligned and Spontaneous Flavor Violation}",
      journal        = "Phys. Rev. Lett.",
      volume         = "123",
      year           = "2019",
      number         = "3",
      pages          = "031802",
      doi            = "10.1103/PhysRevLett.123.031802",
      eprint         = "1811.00017",
      archivePrefix  = "arXiv",
      primaryClass   = "hep-ph",
      SLACcitation   = "%%CITATION = ARXIV:1811.00017;%%"
}

@article{Egana-Ugrinovic:2019dqu,
      author         = "Egana-Ugrinovic, Daniel and Homiller, Samuel and Meade,
                        Patrick Roddy",
      title          = "{Higgs bosons with large couplings to light quarks}",
      journal        = "Phys. Rev.",
      volume         = "D100",
      year           = "2019",
      number         = "11",
      pages          = "115041",
      doi            = "10.1103/PhysRevD.100.115041",
      eprint         = "1908.11376",
      archivePrefix  = "arXiv",
      primaryClass   = "hep-ph",
      reportNumber   = "YITP-SB-19-25",
      SLACcitation   = "%%CITATION = ARXIV:1908.11376;%%"
}


% Grober et al, quark fusion di-Higgs in the EFT...
@article{Alasfar:2019pmn,
      author         = "Alasfar, Lina and Corral Lopez, Roberto and Gröber,
                        Ramona",
      title          = "{Probing Higgs couplings to light quarks via Higgs pair
                        production}",
      journal        = "JHEP",
      volume         = "11",
      year           = "2019",
      pages          = "088",
      doi            = "10.1007/JHEP11(2019)088",
      eprint         = "1909.05279",
      archivePrefix  = "arXiv",
      primaryClass   = "hep-ph",
      reportNumber   = "HU-EP-19/25",
      SLACcitation   = "%%CITATION = ARXIV:1909.05279;%%"
}

%Daniel's 2HDM paper
@article{Egana-Ugrinovic:2015vgy,
      author         = "Egana-Ugrinovic, Daniel and Thomas, Scott",
      title          = "{Effective Theory of Higgs Sector Vacuum States}",
      year           = "2015",
      eprint         = "1512.00144",
      archivePrefix  = "arXiv",
      primaryClass   = "hep-ph",
      SLACcitation   = "%%CITATION = ARXIV:1512.00144;%%"
}

%Maxi-Sizing
@article{DiLuzio:2017tfn,
      author         = {Di Luzio, Luca and Gr\"ober, Ramona and Spannowsky,
                        Michael},
      title          = "{Maxi-sizing the trilinear Higgs self-coupling: how large
                        could it be?}",
      journal        = "Eur. Phys. J.",
      volume         = "C77",
      year           = "2017",
      number         = "11",
      pages          = "788",
      doi            = "10.1140/epjc/s10052-017-5361-0",
      eprint         = "1704.02311",
      archivePrefix  = "arXiv",
      primaryClass   = "hep-ph",
      reportNumber   = "IPPP-17-26",
      SLACcitation   = "%%CITATION = ARXIV:1704.02311;%%"
}

@article{Bauer:2017cov,
      author         = {Bauer, Martin and Carena, Marcela and Carmona, Adri\'an},
      title          = "{Higgs Pair Production as a Signal of Enhanced Yukawa
                        Couplings}",
      journal        = "Phys. Rev. Lett.",
      volume         = "121",
      year           = "2018",
      number         = "2",
      pages          = "021801",
      doi            = "10.1103/PhysRevLett.121.021801",
      eprint         = "1801.00363",
      archivePrefix  = "arXiv",
      primaryClass   = "hep-ph",
      reportNumber   = "FERMILAB-PUB-17-613-T, MITP-17-106",
      SLACcitation   = "%%CITATION = ARXIV:1801.00363;%%"
}


%%% ATLAS & CMS Bounds on H -> WW, H-> ZZ
@article{Aaboud:2017rel,
    author = "Aaboud, M. and others",
    collaboration = "ATLAS",
    title = "{Search for heavy ZZ resonances in the $\ell ^+\ell ^-\ell ^+\ell ^-$ and $\ell ^+\ell ^-\nu \bar{\nu }$ final states using proton--proton collisions at $\sqrt{s}= 13$   $\text {TeV}$ with the ATLAS detector}",
    eprint = "1712.06386",
    archivePrefix = "arXiv",
    primaryClass = "hep-ex",
    reportNumber = "CERN-EP-2017-251",
    doi = "10.1140/epjc/s10052-018-5686-3",
    journal = "Eur. Phys. J. C",
    volume = "78",
    number = "4",
    pages = "293",
    year = "2018"
}

@article{Sirunyan:2018qlb,
    author = "Sirunyan, Albert M and others",
    collaboration = "CMS",
    title = "{Search for a new scalar resonance decaying to a pair of Z bosons in proton-proton collisions at $\sqrt{s}=13 $ TeV}",
    eprint = "1804.01939",
    archivePrefix = "arXiv",
    primaryClass = "hep-ex",
    reportNumber = "CMS-HIG-17-012, CERN-EP-2018-009",
    doi = "10.1007/JHEP06(2018)127",
    journal = "JHEP",
    volume = "06",
    pages = "127",
    year = "2018",
    note = "[Erratum: JHEP 03, 128 (2019)]"
}

@article{Aaboud:2017gsl,
      author         = "Aaboud, Morad and others",
      title          = "{Search for heavy resonances decaying into $WW$ in the
                        $e\nu\mu\nu$ final state in $pp$ collisions at
                        $\sqrt{s}=13$ TeV with the ATLAS detector}",
      collaboration  = "ATLAS",
      journal        = "Eur. Phys. J.",
      volume         = "C78",
      year           = "2018",
      number         = "1",
      pages          = "24",
      doi            = "10.1140/epjc/s10052-017-5491-4",
      eprint         = "1710.01123",
      archivePrefix  = "arXiv",
      primaryClass   = "hep-ex",
      reportNumber   = "CERN-EP-2017-214",
      SLACcitation   = "%%CITATION = ARXIV:1710.01123;%%"
}

@article{Sirunyan:2019pqw,
      author         = "Sirunyan, Albert M and others",
      title          = "{Search for a heavy Higgs boson decaying to a pair of W
                        bosons in proton-proton collisions at $\sqrt{s} =$ 13
                        TeV}",
      collaboration  = "CMS",
      year           = "2019",
      eprint         = "1912.01594",
      archivePrefix  = "arXiv",
      primaryClass   = "hep-ex",
      reportNumber   = "CMS-HIG-17-033, CERN-EP-2019-230",
      SLACcitation   = "%%CITATION = ARXIV:1912.01594;%%"
}


%%%% ATLAS and CMS Bounds on Di-Higgs

%combinations
@article{Aad:2019uzh,
      author         = "Aad, Georges and others",
      title          = "{Combination of searches for Higgs boson pairs in $pp$
                        collisions at $\sqrt{s} = $13 TeV with the ATLAS
                        detector}",
      collaboration  = "ATLAS",
      journal        = "Phys. Lett.",
      volume         = "B800",
      year           = "2020",
      pages          = "135103",
      doi            = "10.1016/j.physletb.2019.135103",
      eprint         = "1906.02025",
      archivePrefix  = "arXiv",
      primaryClass   = "hep-ex",
      reportNumber   = "CERN-EP-2019-099",
      SLACcitation   = "%%CITATION = ARXIV:1906.02025;%%"
}

@article{Sirunyan:2018two,
      author         = "Sirunyan, Albert M and others",
      title          = "{Combination of searches for Higgs boson pair production
                        in proton-proton collisions at $\sqrt{s} = $ 13 TeV}",
      collaboration  = "CMS",
      journal        = "Phys. Rev. Lett.",
      volume         = "122",
      year           = "2019",
      number         = "12",
      pages          = "121803",
      doi            = "10.1103/PhysRevLett.122.121803",
      eprint         = "1811.09689",
      archivePrefix  = "arXiv",
      primaryClass   = "hep-ex",
      reportNumber   = "CMS-HIG-17-030, CERN-EP-2018-292",
      SLACcitation   = "%%CITATION = ARXIV:1811.09689;%%"
}

% individual channels
@article{ATLAS:2020pgp,
    collaboration = "ATLAS",
    title = "{Search for heavy resonances decaying into a $Z$ boson and a Higgs boson in final states with leptons and $b$-jets in $139~fb^{-1}$ of $pp$ collisions at $\sqrt{s}=13 {TeV}$ with the ATLAS detector}",
    reportNumber = "ATLAS-CONF-2020-043",
    month = "8",
    year = "2020"
}

%projections
%  has this been updated?
@techreport{ATL-PHYS-PUB-2017-001,
      title         = "{Study of the double Higgs production channel
                       $H(\rightarrow b\bar{b})H(\rightarrow \gamma\gamma)$ with
                       the ATLAS experiment at the HL-LHC}",
      institution   = "CERN",
      collaboration = "ATLAS Collaboration",
      address       = "Geneva",
      number        = "ATL-PHYS-PUB-2017-001",
      month         = "Jan",
      year          = "2017",
      reportNumber  = "ATL-PHYS-PUB-2017-001",
      url           = "https://cds.cern.ch/record/2243387",
}


% our paper
@article{Homiller:2018dgu,
      author         = "Homiller, Samuel and Meade, Patrick",
      title          = "{Measurement of the Triple Higgs Coupling at a HE-LHC}",
      journal        = "JHEP",
      volume         = "03",
      year           = "2019",
      pages          = "055",
      doi            = "10.1007/JHEP03(2019)055",
      eprint         = "1811.02572",
      archivePrefix  = "arXiv",
      primaryClass   = "hep-ph",
      reportNumber   = "YITP-SB-18-33",
      SLACcitation   = "%%CITATION = ARXIV:1811.02572;%%"
}



% Di-Higgs Shape Analysis Papers
@article{Capozi:2019xsi,
      author         = "Capozi, Matteo and Heinrich, Gudrun",
      title          = "{Exploring anomalous couplings in Higgs boson pair
                        production through shape analysis}",
      year           = "2019",
      eprint         = "1908.08923",
      archivePrefix  = "arXiv",
      primaryClass   = "hep-ph",
      reportNumber   = "MPP-2019-183",
      SLACcitation   = "%%CITATION = ARXIV:1908.08923;%%"
}

%Tilman & Tao



% Gudrun's paper on the K-factor as a function of \lambda_3
@article{Heinrich:2019bkc,
      author         = "Heinrich, G. and Jones, S. P. and Kerner, M. and Luisoni,
                        G. and Scyboz, L.",
      title          = "{Probing the trilinear Higgs boson coupling in di-Higgs
                        production at NLO QCD including parton shower effects}",
      journal        = "JHEP",
      volume         = "06",
      year           = "2019",
      pages          = "066",
      doi            = "10.1007/JHEP06(2019)066",
      eprint         = "1903.08137",
      archivePrefix  = "arXiv",
      primaryClass   = "hep-ph",
      reportNumber   = "CERN-TH-2019-028, MPP-2019-50, ZU-TH-09/19",
      SLACcitation   = "%%CITATION = ARXIV:1903.08137;%%"
}


% The PDG
@article{Tanabashi:2018oca,
      author         = "Tanabashi, M. and others",
      title          = "{Review of Particle Physics}",
      collaboration  = "Particle Data Group",
      journal        = "Phys. Rev.",
      volume         = "D98",
      year           = "2018",
      number         = "3",
      pages          = "030001",
      doi            = "10.1103/PhysRevD.98.030001",
      SLACcitation   = "%%CITATION = PHRVA,D98,030001;%%"
}

% 80/fb ATLAS combination (for signal strength bounds)
@article{Aad:2019mbh,
    author = "Aad, Georges and others",
    collaboration = "ATLAS",
    title = "{Combined measurements of Higgs boson production and decay using up to $80$ fb$^{-1}$ of proton-proton collision data at $\sqrt{s}=$ 13 TeV collected with the ATLAS experiment}",
    eprint = "1909.02845",
    archivePrefix = "arXiv",
    primaryClass = "hep-ex",
    reportNumber = "CERN-EP-2019-097",
    doi = "10.1103/PhysRevD.101.012002",
    journal = "Phys. Rev. D",
    volume = "101",
    number = "1",
    pages = "012002",
    year = "2020"
}

@article{Aad:2020fpj,
    author = "Aad, Georges and others",
    collaboration = "ATLAS",
    title = "{Search for heavy resonances decaying into a pair of $Z$ bosons in the $\ell^+\ell^-\ell'^+\ell'^-$ and $\ell^+\ell^-\nu\bar\nu$ final states using 139 fb$^{-1}$ of proton-proton collisions at $\sqrt{s} = 13$ TeV with the ATLAS detector}",
    eprint = "2009.14791",
    archivePrefix = "arXiv",
    primaryClass = "hep-ex",
    reportNumber = "CERN-EP-2020-153",
    month = "9",
    year = "2020"
}

@article{Aaboud:2019zxd,
    author = "Aaboud, Morad and others",
    collaboration = "ATLAS",
    title = "{Search for low-mass resonances decaying into two jets and produced in association with a photon using $pp$ collisions at $\sqrt{s} = 13$ TeV with the ATLAS detector}",
    eprint = "1901.10917",
    archivePrefix = "arXiv",
    primaryClass = "hep-ex",
    reportNumber = "CERN-EP-2018-347",
    doi = "10.1016/j.physletb.2019.03.067",
    journal = "Phys. Lett. B",
    volume = "795",
    pages = "56--75",
    year = "2019"
}
