@article{Alasfar:2021ppe,
    author = {Alasfar, Lina and Degrassi, Giuseppe and Giardino, Pier Paolo and Gr\"ober, Ramona and Vitti, Marco},
    title = "{Virtual corrections to $gg\to ZH$ via a transverse momentum expansion}",
    eprint = "2103.06225",
    archivePrefix = "arXiv",
    primaryClass = "hep-ph",
    doi = "10.1007/JHEP05(2021)168",
    journal = "JHEP",
    volume = "05",
    pages = "168",
    year = "2021"
}
@article{Alasfar:2020mne,
	author = "Alasfar, Lina and Azatov, Aleksandr and de Blas, Jorge and Paul, Ayan and Valli, Mauro",
	title = "{$B$ anomalies under the lens of electroweak precision}",
	eprint = "2007.04400",
	archivePrefix = "arXiv",
	primaryClass = "hep-ph",
	reportNumber = "DESY-20-091, DESY 20-091, HU-EP-20/12-RTG, SISSA 16/2020/FISI, UCI-TR 2020-10",
	doi = "10.1007/JHEP12(2020)016",
	journal = "JHEP",
	volume = "12",
	pages = "016",
	year = "2020"
}

@article{Alasfar:2019pmn,
	author = {Alasfar, Lina and Corral Lopez, Roberto and Gr\"ober, Ramona},
	title = "{Probing Higgs couplings to light quarks via Higgs pair production}",
	eprint = "1909.05279",
	archivePrefix = "arXiv",
	primaryClass = "hep-ph",
	reportNumber = "HU-EP-19/25",
	doi = "10.1007/JHEP11(2019)088",
	journal = "JHEP",
	volume = "11",
	pages = "088",
	year = "2019"
}

@article{Alasfar:2021xdd,
	author = {Alasfar, Lina and Christophe Grojean and Gr\"ober, Ramona and Ayan Paul and Zhuoni,Qian },
	title = "{Machine learning augmented probes of light-quark Yukawa and trilinear couplings from Higgs pair production}",
	eprint = "To be published",
	primaryClass = "hep-ph",
	reportNumber = "HU-EP-21/34-RTG"
}

@article{Alasfar:2022zyr,
	author = {Alasfar, Lina and de Blas, Jorge and Gr\"ober, Ramona},
	title = "{Higgs probes of top quark contact interactions and their interplay with the Higgs self-coupling}",
	eprint = "2202.02333",
	archivePrefix = "arXiv",
	primaryClass = "hep-ph",
	reportNumber = "HU-EP-21/48-RTG",
	doi = "10.1007/JHEP05(2022)111",
	journal = "JHEP",
	volume = "05",
	pages = "111",
	year = "2022"
}