@article{Alasfar:2022zyr,
    author = {Alasfar, Lina and de Blas, Jorge and Gr\"ober, Ramona},
    title = "{Higgs probes of top quark contact interactions and their interplay with the Higgs self-coupling}",
    eprint = "2202.02333",
    archivePrefix = "arXiv",
    primaryClass = "hep-ph",
    reportNumber = "HU-EP-21/48-RTG",
    doi = "10.1007/JHEP05(2022)111",
    journal = "JHEP",
    volume = "05",
    pages = "111",
    year = "2022"
}

@article{LHCb:2021abm,
    author = "Aaij, Roel and others",
    collaboration = "LHCb",
    title = "{Measurement of prompt charged-particle production in pp collisions at $ \sqrt{\mathrm{s}} $ = 13 TeV}",
    eprint = "2107.10090",
    archivePrefix = "arXiv",
    primaryClass = "hep-ex",
    reportNumber = "LHCb-PAPER-2021-010, CERN-EP-2021-110",
    doi = "10.1007/JHEP01(2022)166",
    journal = "JHEP",
    volume = "01",
    pages = "166",
    year = "2022"
}

@article{Alasfar:2021ppe,
    author = {Alasfar, Lina and Degrassi, Giuseppe and Giardino, Pier Paolo and Gr\"ober, Ramona and Vitti, Marco},
    title = "{Virtual corrections to $gg\to ZH$ via a transverse momentum expansion}",
    eprint = "2103.06225",
    archivePrefix = "arXiv",
    primaryClass = "hep-ph",
    doi = "10.1007/JHEP05(2021)168",
    journal = "JHEP",
    volume = "05",
    pages = "168",
    year = "2021"
}

@article{Alasfar:2020mne,
    author = "Alasfar, Lina and Azatov, Aleksandr and de Blas, Jorge and Paul, Ayan and Valli, Mauro",
    title = "{$B$ anomalies under the lens of electroweak precision}",
    eprint = "2007.04400",
    archivePrefix = "arXiv",
    primaryClass = "hep-ph",
    reportNumber = "DESY-20-091, DESY 20-091, HU-EP-20/12-RTG, SISSA 16/2020/FISI, UCI-TR 2020-10",
    doi = "10.1007/JHEP12(2020)016",
    journal = "JHEP",
    volume = "12",
    pages = "016",
    year = "2020"
}

@article{Alasfar:2019wby,
    author = {Alasfar, Lina and Gr\"ober, Ramona},
    title = "{Probing light Yukawa couplings in Higgs pair production}",
    eprint = "1910.04546",
    archivePrefix = "arXiv",
    primaryClass = "hep-ph",
    reportNumber = "HU-EP-19/29",
    doi = "10.22323/1.364.0343",
    journal = "PoS",
    volume = "EPS-HEP2019",
    pages = "343",
    year = "2020"
}

@article{Alasfar:2019pmn,
    author = {Alasfar, Lina and Corral Lopez, Roberto and Gr\"ober, Ramona},
    title = "{Probing Higgs couplings to light quarks via Higgs pair production}",
    eprint = "1909.05279",
    archivePrefix = "arXiv",
    primaryClass = "hep-ph",
    reportNumber = "HU-EP-19/25",
    doi = "10.1007/JHEP11(2019)088",
    journal = "JHEP",
    volume = "11",
    pages = "088",
    year = "2019"
}

@article{Braidotti:2018dkf,
    author = "Braidotti, Maria Chiara and Conti, Claudio and Faizal, Mir and Dey, Sanjib and Alasfar, Lina and Alsaleh, Salwa and Ashour, Amani",
    title = "{Path Integral for Non-Paraxial Optics}",
    eprint = "1803.10218",
    archivePrefix = "arXiv",
    primaryClass = "quant-ph",
    doi = "10.1209/0295-5075/124/44001",
    journal = "EPL",
    volume = "124",
    number = "4",
    pages = "44001",
    year = "2018"
}

@article{Bhat:2018kpr,
    author = "Bhat, Anha and Alsaleh, Salwa and Momeni, Davood and Rehman, Atikur and Zaz, Zaid and Faizal, Mir and Jellal, Ahmed and Alasfar, Lina",
    title = "{Time-Dependent Strain in Graphene}",
    eprint = "1803.00051",
    archivePrefix = "arXiv",
    primaryClass = "cond-mat.mes-hall",
    doi = "10.1140/epjb/e2018-80389-1",
    journal = "Eur. Phys. J. B",
    volume = "91",
    number = "8",
    pages = "174",
    year = "2018"
}

@article{Faizal:2017drd,
    author = "Faizal, Mir and Ashour, Amani and Alcheikh, Mohammad and Alasfar, Lina and Alsaleh, Salwa and Mahroussah, Ahmed",
    title = "{Quantum fluctuations from thermal fluctuations in Jacobson formalism}",
    eprint = "1710.06918",
    archivePrefix = "arXiv",
    primaryClass = "gr-qc",
    doi = "10.1140/epjc/s10052-017-5194-x",
    journal = "Eur. Phys. J. C",
    volume = "77",
    number = "9",
    pages = "608",
    year = "2017"
}

@article{Pourhassan:2017bgs,
    author = "Pourhassan, Behnam and Faizal, Mir and Upadhyay, Sudhaker and Asfar, Lina Al",
    title = "{Thermal Fluctuations in a Hyperscaling Violation Background}",
    eprint = "1708.00438",
    archivePrefix = "arXiv",
    primaryClass = "hep-th",
    doi = "10.1140/epjc/s10052-017-5125-x",
    journal = "Eur. Phys. J. C",
    volume = "77",
    number = "8",
    pages = "555",
    year = "2017"
}

@article{Vagenas:2017fwa,
    author = "Vagenas, Elias C. and Alasfar, Lina and Alsaleh, Salwa M. and Ali, Ahmed Farag",
    title = "{The GUP and quantum Raychaudhuri equation}",
    eprint = "1706.06502",
    archivePrefix = "arXiv",
    primaryClass = "hep-th",
    doi = "10.1016/j.nuclphysb.2018.04.004",
    journal = "Nucl. Phys. B",
    volume = "931",
    pages = "72--78",
    year = "2018"
}

@article{Alsaleh:2017ozf,
    author = "Alsaleh, Salwa and Alasfar, Lina and Faizal, Mir and Ali, Ahmed Farag",
    title = "{Quantum no-singularity theorem from geometric flows}",
    eprint = "1705.00977",
    archivePrefix = "arXiv",
    primaryClass = "hep-th",
    doi = "10.1142/S0217751X18500525",
    journal = "Int. J. Mod. Phys. A",
    volume = "33",
    number = "10",
    pages = "1850052",
    year = "2018"
}

@article{Momeni:2017mmc,
    author = "Momeni, Davood and Faizal, Mir and Alsaleh, Salwa and Alasfar, Lina and Myrzakul, Aizhan and Myrzakulov, Ratbay",
    title = "{Thermodynamic and Holographic Information Dual to Volume}",
    eprint = "1704.05785",
    archivePrefix = "arXiv",
    primaryClass = "hep-th",
    reportNumber = "EICTP-17-004",
    doi = "10.1140/epjc/s10052-018-6226-x",
    journal = "Eur. Phys. J. C",
    volume = "78",
    number = "9",
    pages = "765",
    year = "2018"
}

@article{Alsaleh:2016aoz,
    author = "Alsaleh, Salwa and Alasfar, Lina",
    title = "{ER = EPR and non-perturbative action integrals for quantum gravity}",
    eprint = "1611.02573",
    archivePrefix = "arXiv",
    primaryClass = "physics.gen-ph",
    doi = "10.1142/S0219887817501389",
    journal = "Int. J. Geom. Meth. Mod. Phys.",
    volume = "14",
    number = "10",
    pages = "1750138",
    year = "2017"
}
